

@book{Harper, place={Cambridge}, edition={2}, title={Practical Foundations for Programming Languages}, publisher={Cambridge University Press}, author={Harper, Robert}, year={2016},
  url={https://web.archive.org/web/20210308082040/http://www.cs.cmu.edu/~rwh/pfpl/2nded.pdf}
}

@online{HarvardSlides,
author = {Harvard University},
title = {CS 152: Lambda Calculus},
year = {2021},
url = {https://groups.seas.harvard.edu/courses/cs152/2021sp/lectures/sld07-lambdacalc.pdf}
}

@online{LitvinovSlides,
author = {Ю.~Литвинов },
title = {Слайды },
url = {https://github.com/yurii-litvinov/courses/tree/master/structures-and-algorithms/03-lambda-calculus}
}

@online{Leroy2018,
  author = {Leroy, Xavier},
  title = {The paths to discovery: the Curry-Howard correspondence, 1930–1970},
  url = {https://xavierleroy.org/CdF/2018-2019/1.pdf},
  accessed = {2024-12-01},
  journal = {MPRI}
}

@article{SESTOFT2001424,
title = {Demonstrating Lambda Calculus Reduction},
__journal = {Electronic Notes in Theoretical Computer Science},
volume = {45},
pages = {424-432},
year = {2001},
_note = {MFPS 2001,Seventeenth Conference on the Mathematical Foundations of Programming Semantics},
issn = {1571-0661},
doi = {https://doi.org/10.1016/S1571-0661(04)80973-3},
url = {https://www.sciencedirect.com/science/article/pii/S1571066104809733},
author = {Peter Sestoft},
abstract = {We describe lambda calculus reduction strategies using big-step operational semantics and show how to efficiently trace such reductions. This is used in a web-based lambda calculus reducer, at http://www.dina.kvl.dk/~sestoft/lamreduce/.}
}
