@book{VCGC,
  author    = {Adam Chlipala},
  title     = {Certified Programming with Dependent Types - {A} Pragmatic Introduction
               to the Coq Proof Assistant},
  publisher = {{MIT} Press},
  year      = {2013},
  url       = {http://mitpress.mit.edu/books/certified-programming-dependent-types},
  isbn      = {978-0-262-02665-9},
  timestamp = {Mon, 11 May 2015 16:37:23 +0200},
  biburl    = {https://dblp.org/rec/bib/books/daglib/0035083},
  bibsource = {dblp computer science bibliography, https://dblp.org}
}
