@ARTICLE{Podkopaev-al:NTV17,
  author =        {А. Подкопаев and О. Лахав and В. Вафеядис},
  journal =       {Научно-технические ведомости СПбГПУ. Информатика. Телекоммуникации. Управление.},
  title =         {О корректности компиляции подмножествa обещающей модели памяти в аксиоматическую модель ARMv8.3},
  volume =        {10},
  number   = {4},
  year =          {2017},
  pages    = {51-69},
  language = {russian},
}

@ARTICLE{Podkopaev-al:ISPRAS17,
  author =        {А. Подкопаев and О. Лахав and В. Вафеядис},
  journal =       {Труды ИСП РАН},
  title =         {Обещающая компиляция в ARMv8.3},
  year =          {2017},
  volume =        {29},
  number   = {5},
  pages    = {149-164},
  language = {russian},
}