@INPROCEEDINGS{Podkopaev-al:ECOOP17,
  author =	{A. Podkopaev and O. Lahav and V. Vafeiadis},
  title =	{{Promising Compilation to ARMv8 POP}},
  booktitle =	{31st European Conference on Object-Oriented Programming (ECOOP 2017)},
  pages =	{22:1--22:28},
  series =	{Leibniz International Proceedings in Informatics (LIPIcs)},
  ISBN =	{978-3-95977-035-4},
  ISSN =	{1868-8969},
  year =	{2017},
  volume =	{74},
  editor =	{Peter M{\"u}ller},
  publisher =	{Schloss Dagstuhl--Leibniz-Zentrum fuer Informatik},
  address =	{Dagstuhl, Germany},
  URL =		{http://drops.dagstuhl.de/opus/volltexte/2017/7266},
  URN =		{urn:nbn:de:0030-drops-72667},
  doi =		{10.4230/LIPIcs.ECOOP.2017.22},
  annote =	{Keywords: ARM, Compilation Correctness, Weak Memory Model},
  language  = {english},
}
