% ГОСТ Р 7.0.11-2011, Приложение Б, Книги
@BOOK{Sychev,
  author = {Сычёв, М. С.},
  title = {История Астраханвского казачьего войска: учебное пособие},
  address = {Астрахань},
  publisher = {Волга},
  year = {2009},
  numpages = {231},
  language = {russian}
}

@BOOK{Sokolov,
  author = {Соколов, А. Н. and Сердобинцев, К. С.},
  editor = {Бочарова, В. М.},
  address = {Астрахань},
  publisher = {Калиниградский ЮИ МВД России},
  title = {Гражданское общество: проблемы формирования и развития (философский и юридический аспекты): монография},
  year = {2009},
  numpages = {218},
  language = {russian}
}

@BOOK{Gaidaenko,
  author = {Гайдаенко, Т. А.},
  title = {Маркетинговое управление: принципы управленческих решений и российская практика},
  edition = {3-е изд, перераб. и доп.},
  address = {М.},
  publisher = {Эксмо: МИРБИС},
  year = {2008},
  numpages = {508},
  language = {russian}
}

@BOOK{Lermontov,
  author = {Лермонтов, Михаил Юрьевич},
  title = {Собрание сочинений: в 4 т.},
  address = {М.},
  publisher = {Терра-Кн. клуб},
  year = {2009},
  note = {4 т.},
  language = {russian}
}

@BOOK{Management,
  title = {Управление бизнесом: сборник статей},
  address = {Нижний новгород},
  publisher = {Изд-во Нижегородского университета},
  year = {2009},
  numpages = {243},
  language = {russian}
}

@BOOK{Borozda,
  author = {Борозда, И. В. and Воронин, Н. И. and Бушманов А. В.},
  title = {Лечение сочетанных повреждений таза},
  address = {Владивосток},
  publisher = {Дальнаука},
  year = {2009},
  numpages = {195},
  language = {russian}
}

@BOOK{Marketing,
  author = {Михненков, О. В. and Коготкова, И. З. and Генкин, Е. В. and Сороко, Г. Я.},
  title = {Маркетинговые исследования в строительстве: учебное пособие для студентов специальности «Менеджемент организаций»},
  address = {М.},
  publisher = {Государственный университет управления},
  year = {2005},
  numpages = {59},
  language = {russian}
}

% ГОСТ Р 7.0.11-2011, Приложение Б, Нормативные правовые акты
@BOOK{Constitution,
  title = {Конституция Российской Федерации: офиц. текст.},
  address = {М.},
  publisher = {Маркетинг},
  year = {2001},
  numpages = {39},
  language = {russian}
}

@BOOK{FamilyCode,
  title = {Семейный кодекс Российской Федерации: [федер. закон: принят Гос. Думой 8 дек. 1995~г.: по состоянию на 3~янв. 2001~г.]},
  address = {СПб.},
  publisher = {Стаун-кантри},
  year = {2001},
  numpages = {94},
  language = {russian}
}

% ГОСТ Р 7.0.11-2011, Приложение Б, Стандарты
@BOOK{Gost.7.0.53,
  title = {ГОСТ Р 7.0.53-2007 Система стандартов по информации, библиотечному и издательскому делу. Издания. Международный стандартный книжный номер. Использование и издательское оформление.},
  address = {М.},
  publisher = {Стандартинформ},
  year = {2007},
  numpages = {5},
  language = {russian}
}

% ГОСТ Р 7.0.11-2011, Приложение Б, Депонированные научные работы
@BOOK{Razumovski,
  author = {Разумовский, В. А. and Андреев, Д. А.},
  title = {Управление маркетинговыми исследованиями в регионе},
  address = {М.},
  year = {2002},
  numpages = {210},
  note = {Деп. в ИНИОН Рос. акад. наук 15.02.02, № 139876},
  language = {russian}
}

% ГОСТ Р 7.0.11-2011, Приложение Б, Диссертации
@BOOK{Lagkueva,
  author = {Лагкуева, Ирина Владимировна},
  title = {Особенности регулирования труда творческих работников театров: дис. ... канд. юрид. наук: 12.00.05},
  address = {М.},
  year = {2009},
  numpages = {168},
  language = {russian}
}

@BOOK{Pokrovski,
  author = {Покровский, Андрей Владимирович},
  title = {Устранимые особенности решений эллиптических уравнений: дис. ... д-ра физ.-мат. наук: 01.01.01},
  address = {М.},
  year = {2008},
  numpages = {178},
  language = {russian}
}

% ГОСТ Р 7.0.11-2011, Приложение Б, Авторефераты диссертаций
@BOOK{Sirotko,
  author = {Сиротко, Владимир Викторович},
  title = {Медико-социальные аспекты городского травматизма в современных условиях : автореф. дис. ... канд. мед. наук : 14.00.33},
  address = {М.},
  year = {2006},
  numpages = {26},
  language = {russian}
}

@BOOK{Lukina,
  author = {Лукина, Валентина Александровна},
  title = {Творческая история «Записок охотника» И. С. Тургенева: автореф. дис. ... канд. филол. наук : 10.01.01},
  address = {СПб.},
  year = {2006},
  numpages = {26},
  language = {russian}
}

% ГОСТ Р 7.0.11-2011, Приложение Б, Отчёты о научно-исследовательской работе
@BOOK{Methodology,
  author = {Загорюев, А. Л.},
  title = {Методология и методы изучения военно-профессиональной направленности подростков: отчёт о НИР},
  address = {Екатеринбург},
  institution = {Уральский институт практической психологии},
  year = {2008},
  numpages = {102},
  language = {russian}
}

% ГОСТ Р 7.0.11-2011, Приложение Б, Электронные ресурсы
@BOOK{Encyclopedia,
  title = {Художественная энциклопедия зарубежного классического искусства [Электронный ресурс]},
  address = {М.},
  publisher = {Большая Рос. энкцикл.},
  year = {1996},
  note = {1 электрон. опт. диск (CD-ROM)},
  language = {russian}
}

@ARTICLE{Nasirova,
  author = {Насырова, Г. А.},
  title = {Модели государственного регулирования страховой деятельности [Электронный ресурс]},
  journal = {Вестник Финансовой академии},
  year = {2003},
  number = {4},
  note = {Режим доступа: http://vestnik.fa.ru/4(28)2003/4.html},
  language = {russian}
}

% ГОСТ Р 7.0.11-2011, Приложение Б, Статьи

@ARTICLE{Berestova,
  author = {Берестова, Т. Ф.},
  title = {Поисковые инструмены библиотеки},
  journal = {Библиография},
  year = {2006},
  number = {4},
  pages = {19},
  language = {russian}
}

@ARTICLE{Kriger,
  author = {Кригер, И.},
  title =  {Бумага терпит},
  journal = {Новая газета},
  year = {2009},
  note = {1 июля},
  language = {russian}
}


% Examples from https://verbosus.com/bibtex-style-examples.html
@ARTICLE{Article,
  author   = {Peter Adams},
  title    = {The title of the work},
  journal  = {The name of the journal},
  year     = {1993},
  number   = {2},
  pages    = {201-213},
  month    = {7},
  note     = {An optional note},
  volume   = {4},
  language = {english}
}

@BOOK{Book,
  author    = {Peter Babington}, 
  title     = {The title of the work},
  publisher = {The name of the publisher},
  year      = {1993},
  volume    = {4},
  series    = {10},
  address   = {The address},
  edition   = {3},
  month     = {7},
  note      = {An optional note},
  isbn      = {3257227892},
  language  = {english}
}

@BOOKLET{Booklet,
  title        = {The title of the work},
  author       = {Peter Caxton}, 
  howpublished = {How it was published},
  address      = {The address of the publisher},
  month        = {7},
  year         = {1993},
  note         = {An optional note},
  language     = {english}
}

@CONFERENCE{Conference,
  author       = {Peter Draper}, 
  title        = {The title of the work},
  booktitle    = {The title of the book},
  year         = {1993},
  editor       = {The editor},
  volume       = {4},
  series       = {5},
  pages        = {213},
  address      = {The address of the publisher},
  month        = {7},
  organization = {The organization},
  publisher    = {The publisher},
  note         = {An optional note},
  language     = {english}
}

@INBOOK{Inbook,
  author       = {Peter Eston},
  title        = {The title of the work},
  booktitle    = {Book title},
  chapter      = {8},
  pages        = {201-213},
  publisher    = {The name of the publisher},
  year         = {1993},
  volume       = {4},
  series       = {5},
  address      = {The address of the publisher},
  edition      = {3},
  month        = {7},
  note         = {An optional note},
  language     = {english}
}

@INCOLLECTION{Incollection,
  author       = {Peter Farindon},
  title        = {The title of the work},
  booktitle    = {The title of the book},
  publisher    = {The name of the publisher},
  year         = {1993},
  editor       = {The editor},
  volume       = {4},
  series       = {5},
  chapter      = {8},
  pages        = {201-213},
  address      = {The address of the publisher},
  edition      = {3},
  month        = {7},
  note         = {An optional note},
  language     = {english}
}

@MANUAL{Manual,
  title        = {The title of the work},
  author       = {Peter Gainsford}, 
  organization = {The organization},
  address      = {The address of the publisher},
  edition      = {3},
  month        = {7},
  year         = {1993},
  note         = {An optional note},
  language     = {english}
}

@MASTERSTHESIS{Mastersthesis,
  author       = {Peter Harwood},
  title        = {The title of the work},
  school       = {The school where the thesis was written},
  year         = {1993},
  address      = {The address of the publisher},
  month        = {7},
  note         = {An optional note},
  language     = {english}
}

@MISC{Misc,
  author       = {Peter Isley},
  title        = {The title of the work},
  howpublished = {How it was published},
  month        = {7},
  year         = {1993},
  note         = {An optional note},
  language     = {english}
}

@PHDTHESIS{Phdthesis,
  author       = {Peter Joslin}, 
  title        = {The title of the work},
  school       = {The school where the thesis was written},
  year         = {1993},
  address      = {The address of the publisher},
  month        = {7},
  note         = {An optional note},
  language     = {english}
}

@PROCEEDINGS{Proceedings,
  title        = {The title of the work},
  year         = {1993},
  editor       = {Peter Kidwelly},
  volume       = {4},
  series       = {5},
  address      = {The address of the publisher},
  month        = {7},
  organization = {The organization},
  publisher    = {The name of the publisher},
  note         = {An optional note},
  language     = {english}
}

@TECHREPORT{Techreport,
  author       = {Peter Lambert},
  title        = {The title of the work},
  institution  = {The institution that published},
  year         = {1993},
  number       = {2},
  address      = {The address of the publisher},
  month        = {7},
  note         = {An optional note},
  language     = {english}
}

@UNPUBLISHED{Unpublished,
  author       = {Peter Marcheford}, 
  title        = {The title of the work},
  note         = {An optional note},
  month        = {7},
  year         = {1993},
  language     = {english}
}

%%% Реальные примеры

% Инициалы должны быть записаны после запятой, с точками, через пробел
% http://www.kit-e.ru/articles/elcomp/2006_12_124.php
% Подчёркивания в ссылке приходится экранировать
% http://www.kit-e.ru/articles/elcomp/2006\_12\_124.php
@online{medvedev2006jelektronnye,
  title={Электронные компоненты и монтажные подложки},
  author={Медведев, А. М.},
  journal={Компоненты и технологии},
  number={12},
  pages={124--134},
  year={2006},
  medium={Электронный ресурс},
  url = {http://www.kit-e.ru/articles/elcomp/2006\_12\_124.php},
  urldate = {19.01.2015},
  language = {russian}
}

% Real example
% & в названии журнала надо экранировать
% 10.1002/1521-4125(200007)23:7<581::AID-CEAT581>3.0.CO;2-P
% < > в ссылке приходится экранировать %3C и %3E, а потом ещё знаки процента в них экранировать
% 10.1002/1521-4125(200007)23:7%3C581::AID-CEAT581%3E3.0.CO;2-P
% 10.1002/1521-4125(200007)23:7\%3C581::AID-CEAT581\%3E3.0.CO;2-P
% url не нужен. если запись о бумажной публикации
@article {CEAT:CEAT581,
  author = {Deiters, U. K.},
  title = {A Modular Program System for the Calculation of Thermodynamic Properties of Fluids},
  journal = {Chemical Engineering \& Technology},
  volume = {23},
  number = {7},
  publisher = {WILEY-VCH Verlag},
  issn = {1521-4125},
  doi = {10.1002/1521-4125(200007)23:7\%3C581::AID-CEAT581\%3E3.0.CO;2-P},
  pages = {581--584},
  year = {2000},
  language = {english}
}

% Real with  4 authors
@article{doi:10.1080/01932691.2010.513279,
  author = { {\relax Y}oung-{\relax S}ang   Cho  and  {\relax Y}oung   {\relax K}uk   Kim  and  {\relax K}ook   {\relax C}hae   Chung  and  {\relax C}hul   {\relax J}in   Choi },
  title = {Deformation of Colloidal Crystals for Photonic Band Gap Tuning},
  journal = {Journal of Dispersion Science and Technology},
  volume = {32},
  number = {10},
  pages = {1408-1415},
  year = {2011},
  doi = {10.1080/01932691.2010.513279},
  language = {english}
}

% doi with (), author with umlaut or other unicode or specific symbols, 9 authors
% latex don't like Gösele1999161 in ref
% Умляуты в авторах понимаются из-за поддержки в юникодной странице pdflatex и xelatex
% Иллюстрация того, что будет. если на английской записи будут поставлена пометка, что язык русский
@article{Gosele1999161,
  title = "Wafer bonding for microsystems technologies ",
  journal = "Sensors and Actuators A: Physical ",
  volume = "74",
  number = "1–3",
  pages = "161 - 168",
  year = "1999",
  issn = "0924-4247",
  doi = "10.1016/S0924-4247(98)00310-0",
  author = "Gösele, U. and Tong, Q.-Y. and Schumacher, A. and Kräuter, G. and Reiche, M. and Plößl, A. and Kopperschmidt, P. and Lee, T.-H. and Kim, W.-J.",
  keywords = "Wafer bonding",
  keywords = "Fusion bonding",
  keywords = "Pressure sensors",
  keywords = "Interface reactions",
  keywords = "Hydrophilic bonding",
  keywords = "Hydrophobic bonding",
  language = {russian}
}

% Real example (from Google or Springer)
% unmodified styles don't know %language = {English}
% язык писать с маленьких
% иллюстрация incollection
% 10.1007/0-387-32989-7_45
% Подчёркивания в DOI приходится экранировать
% 10.1007/0-387-32989-7\_45
@incollection{Li2007StressAnalysis,
  year={2007},
  isbn={978-0-387-27974-9},
  booktitle={Micro- and Opto-Electronic Materials and Structures: Physics, Mechanics, Design, Reliability, Packaging},
  editor={Suhir, E. and Lee, Y. C. and Wong, C. P.},
  doi={10.1007/0-387-32989-7\_45},
  title={Stress Analysis for Processed Silicon Wafers and Packaged Micro-devices},
  publisher={Springer US},
  author={Li, {\relax L}i and Guo, {\relax Y}ifan and Zheng, {\relax D}awei},
  pages={B677-B709},
  language={english}
}

% Real, β sign 
% inputenc don't know β sign %aluminosilicate-β-quartz
% Знаки типа β, которые не знает таблица кодировки, с которой работает компилятор нужно заменять на latex команды
% doi должен быть без http://dx.doi.org/
@article{Shoji199895,
title = "Low-temperature anodic bonding using lithium aluminosilicate-$\beta$-quartz glass ceramic",
journal = "Sensors and Actuators A: Physical",
volume = "64",
number = "1",
pages = "95 - 100",
year = "1998",
note = "Tenth \{IEEE\} International Workshop on Micro Electro Mechanical Systems ",
issn = "0924-4247",
doi = "10.1016/S0924-4247(97)01659-2",
author = {{\relax S}huichi Shoji and {\relax H}iroto Kikuchi and {\relax H}irotaka Torigoe},
keywords = "Anodic bonding",
keywords = "Low-temperature bonding",
keywords = "Micro assembly",
keywords = "Micro package",
keywords = "Glass ceramic",
}


% from urlbst package
% Example from Jason Eisner, by mail (nothing special about the entry,
% but he seemed to be having formatting problems with unsrturl and proceedings
% entries.
% http://cs.jhu.edu/~jason/papers/#icassp07
@InProceedings{test:eisner-sample,
  author =       {Damianos Karakos and Sanjeev Khudanpur and Jason
                  Eisner and Carey~E. Priebe},
  title =        {Iterative denoising using {J}ensen-{R}enyi
                  divergences with an application to unsupervised
                  document categorization},
  booktitle =    {Proceedings of ICASSP},
  year =         2007,
  url =          {http://cs.jhu.edu/~jason/papers/\#icassp07}
}

% Попытка записать патент имеющимися средствами
@Book{iofis_patent1960,
  title                    = {Способ пайки керамики с~керамикой и~стекла с~металлом: а.\,с.~126728 СССР},
  author                   = {Иофис, Н. А.},
  year                     = {1960},
  numpages                 = {Бюл. № 5.~1},
  language                 = {russian}
}

% Попытка записать патент имеющимися средствами
@Book{AB_patent_Pomerantz_1968,
  title                    = {Anodic bonding: patent no. 3397278 US},
  author                   = {Pomerantz, D. I.},
  year                     = {1968},
  language                 = {english}
}

@inproceedings{Kang-al:POPL17,
  author =        {J. Kang and C.-K. Hur and O. Lahav and
                   V. Vafeiadis and D. Dreyer},
  booktitle =     {Proceedings of the 44th {ACM} {SIGPLAN} Symposium on Principles of
               Programming Languages, {POPL} 2017, Paris, France, January 18--20,
               2017},
  publisher =     {{ACM}},
  title =         {A Promising Semantics for Relaxed-Memory Concurrency},
  year =          {2017},
  doi       = {10.1145/3009837.3009850},
}

@inproceedings{Flur-al:POPL16,
  author =        {S. Flur and K. E. Gray and C. Pulte and
                   S. Sarkar and A. Sezgin and L. Maranget and
                   W. Deacon and P. Sewell},
  booktitle =     {Proceedings of the 43rd Annual {ACM} {SIGPLAN-SIGACT} Symposium on
               Principles of Programming Languages, {POPL} 2016, St. Petersburg,
               FL, USA, January 20--22, 2016},
  pages =         {608--621},
  publisher =     {{ACM}},
  title =         {Modelling the {ARMv8} Architecture, Operationally:
                   Concurrency and {ISA}},
  year =          {2016},
  doi       = {10.1145/2837614.2837615},
}

@inproceedings{Pulte-al:POPL18,
  author = {C. Pulte and
            S. Flur and
            W. Deacon and
            J. French and
            S. Sarkar and
            P. Sewell},
  title = {Simplifying {ARM} Concurrency: Multicopy-atomic Axiomatic and Operational Models for {ARMv8}},
  booktitle = {POPL 2018},
  year = {2018},
}

@inproceedings{Kokologiannakis-al:POPL18,
  author = {M. Kokologiannakis and 
            O. Lahav and
            K. Sagonas and
            V. Vafeiadis},
  title = {Effective Stateless Model Checking for {C/C++} Concurrency},
  booktitle = {POPL 2018},
  year = {2018},
}

@article{Lamport:TC79,
  author =        {L. Lamport},
  journal =       {{IEEE} Trans. Computers},
  number =        {9},
  pages =         {690--691},
  title =         {How to Make a Multiprocessor Computer That Correctly
                   Executes Multiprocess Programs},
  volume =        {28},
  year =          {1979},
  doi       = {10.1109/TC.1979.1675439},
}

@article{Sewell-al:CACM10,
  author =        {P. Sewell and S. Sarkar and S. Owens and
                   F. Zappa Nardelli and M. O. Myreen},
  journal =       {Commun. ACM},
  number =        {7},
  pages =         {89--97},
  title =         {{x86-TSO}: {A} Rigorous and Usable Programmer's Model
                   for x86 Multiprocessors},
  volume =        {53},
  year =          {2010},
  doi = {10.1145/1785414.1785443},
}

@inproceedings{Sarkar-al:PLDI11,
  author =        {S. Sarkar and P. Sewell and J. Alglave and
                   L. Maranget and D. Williams},
  booktitle = {Proceedings of the 32nd {ACM} {SIGPLAN} Conference on Programming
               Language Design and Implementation, {PLDI} 2011, San Jose, CA, USA,
               June 4--8, 2011},
  pages =         {175--186},
  publisher =     {ACM},
  title =         {Understanding {POWER} Multiprocessors},
  year =          {2011},
  doi =           {10.1145/1993498.1993520},
}

@article{Alglave-al:TOPLAS14,
  author =        {J. Alglave and L. Maranget and M. Tautschnig},
  journal =       {{ACM} Trans. Program. Lang. Syst.},
  number =        {2},
  pages =         {7:1--7:74},
  title =         {Herding Cats: Modelling, Simulation, Testing, and
                   Data Mining for Weak Memory},
  volume =        {36},
  year =          {2014},
  doi =           {10.1145/2627752},
}

@misc{ARMv82,
  note =         {{ARM} Architecture Reference Manual: {ARMv8}, for
                   {ARMv8-A} Architecture Profile [Электронный ресурс]. ---
  URL: \url{https://developer.arm.com/docs/ddi0487/latest/arm-architecture-reference-manual-armv8-for-armv8-a-architecture-profile}
  (дата обращения: 29.12.2017)},
}

@misc{HerdRepo,
  note =         {Репозиторий \texttt{herdtools7} [Электронный ресурс]. ---
                  URL: \url{https://github.com/herd/herdtools7}
                   (дата обращения: 29.12.2017)},
}

@inproceedings{Lahav-Vafeiadis:FM16,
  author =        {O. Lahav and V. Vafeiadis},
  booktitle = {{FM} 2016: Formal Methods --- 21st International Symposium, Limassol,
               Cyprus, November 9--11, 2016, Proceedings},
  publisher =     {Springer},
  title =         {Explaining Relaxed Memory Models with Program Transformations},
  year =          {2016},
  doi       = {10.1007/978-3-319-48989-6_29},
}

@inproceedings{Boehm-Demsky:MSPC14,
  author =        {H.-J. Boehm and B. Demsky},
  booktitle =     {MSPC 2014},
  pages =         {7:1--7:6},
  publisher =     {ACM},
  title =         {Outlawing Ghosts: Avoiding Out-of-thin-air Results},
  year =          {2014},
  doi       = {10.1145/2618128.2618134},
}

@inproceedings{PichonPharabod-Sewell:POPL16,
  author =        {J. Pichon-Pharabod and P. Sewell},
  booktitle =     {Proceedings of the 43rd Annual {ACM} {SIGPLAN-SIGACT} Symposium on
               Principles of Programming Languages, {POPL} 2016, St. Petersburg,
               FL, USA, January 20--22, 2016},
  pages =         {622--633},
  publisher =     {{ACM}},
  title =         {A Concurrency Semantics for Relaxed Atomics that
                   Permits Optimisation and Avoids Thin-Air Executions},
  year =          {2016},
}

@article{Zhang-Feng:2016,
  author =        {Zhang, Y. and Feng, X.},
  journal =       {Frontiers of Computer Science},
  number =        {1},
  pages =         {54--81},
  title =         {An Operational Happens-Before Memory Model},
  volume =        {10},
  year =          {2016},
}

@inproceedings{Jeffrey-Riely:LICS16,
  author    = {A. Jeffrey and
               J. Riely},
  title     = {On Thin Air Reads Towards an Event Structures Model of Relaxed Memory},
  booktitle = {Proceedings of the 31st Annual {ACM/IEEE} Symposium on Logic in Computer
               Science, {LICS} '16, New York, NY, USA, July 5--8, 2016},
  pages     = {759--767},
  year      = {2016},
}

@inproceedings{Manson-al:POPL05,
  author =        {J. Manson and W. Pugh and S. V. Adve},
  booktitle = {Proceedings of the 32nd {ACM} {SIGPLAN-SIGACT} Symposium on Principles
               of Programming Languages, {POPL} 2005, Long Beach, California, USA,
               January 12--14, 2005},
  pages =         {378--391},
  publisher =     {ACM},
  title =         {The {Java} Memory Model},
  year =          {2005},
  doi =           {10.1145/1040305.1040336},
}

@inproceedings{Batty-al:POPL11,
  author =        {M. Batty and S. Owens and S. Sarkar and
                   P. Sewell and T. Weber},
 booktitle = {Proceedings of the 38th {ACM} {SIGPLAN-SIGACT} Symposium on Principles
               of Programming Languages, {POPL} 2011, Austin, TX, USA, January 26--28,
               2011},
  pages =         {55--66},
  publisher =     {ACM},
  title =         {Mathematizing {C++} Concurrency},
  year =          {2011},
  doi = {10.1145/1925844.1926394},
}

@book{Hennessy-Patterson:BOOK,
  author =        {J. L. Hennessy and D. A. Patterson},
  publisher =     {Morgan Kaufmann},
  title =         {Computer Architecture --- {A} Quantitative Approach
                   (5. ed.)},
  year =          {2012},
}

@inproceedings{Batty-al:ESOP15,
  author =        {M. Batty and K. Memarian and K. Nienhuis and
                   J. Pichon{-}Pharabod and P. Sewell},
  booktitle = {Programming Languages and Systems --- 24th European Symposium on Programming,
               {ESOP} 2015, Held as Part of the European Joint Conferences on Theory
               and Practice of Software, {ETAPS} 2015, London, UK, April 11--18, 2015.
               Proceedings},
  pages =         {283--307},
  publisher =     {Springer},
  series =        {LNCS},
  title =         {The Problem of Programming Language Concurrency Semantics},
  volume =        {9032},
  year =          {2015},
  doi  = {10.1007/978-3-662-46669-8_12},
}

@article{Manerkar-al:CoRR16,
  author =        {Y. A. Manerkar and C. Trippel and
                   D. Lustig and M. Pellauer and
                   M. Martonosi},
  journal =       {CoRR},
  title =         {Counterexamples and Proof Loophole for the {C/C++}
                   to {POWER} and {ARMv7} Trailing-Sync Compiler
                   Mappings},
  volume =        {abs/1611.01507},
  year =          {2016},
  url =           {http://arxiv.org/abs/1611.01507},
}

@article{Abadi-Lamport:TCS91,
  author =        {M. Abadi and L. Lamport},
  journal =       {Theor. Comput. Sci.},
  number =        {2},
  pages =         {253--284},
  title =         {The Existence of Refinement Mappings},
  volume =        {82},
  year =          {1991},
  doi = {10.1109/LICS.1988.5115},
}

@inproceedings{Wickerson-al:POPL17,
  author =        {J. Wickerson and M. Batty and T. Sorensen and
                   G. A. Constantinides},
  booktitle =     {Proceedings of the 44th {ACM} {SIGPLAN} Symposium on Principles of
               Programming Languages, {POPL} 2017, Paris, France, January 18--20,
               2017},
  publisher =     {{ACM}},
  title =         {Automatically Comparing Memory Consistency Models},
  year =          {2017},
  doi = {10.1145/3009837.3009838},
}

@misc{CompScheme,
  note =          {Схема компиляции из {C/C++11} в процессорные архитектуры [Электронный ресурс]. ---
  URL: \url{https://www.cl.cam.ac.uk/~pes20/cpp/cpp0xmappings.html}
  (дата обращения: 29.12.2017)},
}

@book{Kshemkalyani-Singhal:2011,
  title={Distributed computing: principles, algorithms, and systems},
  author={Kshemkalyani, A. D. and Singhal, M.},
  year={2011},
  publisher={Cambridge University Press}
}

@misc{CPP:11,
  title = {{ISO/IEC 14882:2011. Programming language C++}},
  year = {2011},
}

@misc{CPP:14,
  title = {{ISO/IEC 14882:2014. Programming language C++}},
  year = {2014},
}

@misc{CPP:17,
  title = {{ISO/IEC 14882:2017. Programming language C++}},
  year = {2017},
}

@misc{C:11,
  title = {{ISO/IEC 9899:2011. Programming language C}},
  year = {2011},
}

@misc{JavaStandard,
  note = {The {Java} Language Specification, {Java SE} 8 Edition
  [Электронный ресурс]. --- URL: \url{https://docs.oracle.com/javase/specs/jls/se8/html/index.html}.
  (дата обращения: 29.12.2017)},
}

@inproceedings{Boudol-Petri:POPL09,
  author    = {G. Boudol and
               G. Petri},
  title     = {Relaxed memory models: an operational approach},
  pages     = {392--403},
  booktitle = {POPL 2009},
  year = {2009},
}

@inproceedings{Boudol-al:EXPRESS12,
  author    = {G. Boudol and
               G. Petri and
               B. P. Serpette},
  title     = {Relaxed Operational Semantics of Concurrent Programming Languages},
  pages     = {19--33},
  booktitle = {EXPRESS 2012},
  year = {2012},
}

@inproceedings{Crary-Sullivan:POPL15,
  author    = {K. Crary and
               M. J. Sullivan},
  title     = {A Calculus for Relaxed Memory},
  pages     = {623--636},
  booktitle = {Proceedings of the 42nd Annual {ACM} {SIGPLAN-SIGACT} Symposium on
               Principles of Programming Languages, {POPL} 2015, Mumbai, India, January
               15--17, 2015},
  year = {2015},
}

@inproceedings{Batty-al:POPL12,
  author    = {M. Batty and
               K. Memarian and
               S. Owens and
               S. Sarkar and
               P. Sewell},
  title     = {Clarifying and compiling {C/C++} concurrency: from {C++11} to {POWER}},
  pages     = {509--520},
  booktitle = {POPL 2012},
  year = {2012},
}

@inproceedings{Batty-al:POPL13,
  author    = {M. Batty and
               M. Dodds and
               A. Gotsman},
  title     = {Library abstraction for {C/C++} concurrency},
  pages     = {235--248},
  booktitle = {POPL 2013},
  year = {2013},
}

@inproceedings{Lahav-al:PLDI17,
  author    = {O. Lahav and
               V. Vafeiadis and
               J. Kang and
               C.-K. Hur and
               D. Dreyer},
  title     = {Repairing sequential consistency in {C/C++11}},
  booktitle = {PLDI 2017},
  pages     = {618--632},
  year      = {2017},
}

@inproceedings{Chakraborty-Vafeiadis:CGO16,
  author    = {S. Chakraborty and
               V. Vafeiadis},
  title     = {Validating optimizations of concurrent {C/C++} programs},
  booktitle = {CGO 2016},
  pages     = {216--226},
  year      = {2016},
}

@inproceedings{Vafeiadis:CPP15,
  author    = {V. Vafeiadis},
  title     = {Formal Reasoning about the {C11} Weak Memory Model},
  booktitle = {CPP 2015},
  pages     = {1--2},
  year      = {2015},
}

@inproceedings{Vafeiadis-al:POPL15,
  author    = {V. Vafeiadis and
               T. Balabonski and
               S. Chakraborty and
               R. Morisset and
               F. Zappa Nardelli},
  title     = {Common Compiler Optimisations are Invalid in the {C11} Memory Model
               and what we can do about it},
  booktitle = {Proceedings of the 42nd Annual {ACM} {SIGPLAN-SIGACT} Symposium on
               Principles of Programming Languages, {POPL} 2015, Mumbai, India, January
               15--17, 2015},
  pages     = {209--220},
  year      = {2015},
}

@inproceedings{Turon-al:OOPSLA14,
  author    = {A. Turon and
               V. Vafeiadis and
               D. Dreyer},
  title     = {{GPS:} navigating weak memory with ghosts, protocols, and separation},
  pages     = {691--707},
  booktitle = {Proceedings of the 2014 {ACM} International Conference on Object Oriented
               Programming Systems Languages {\&} Applications, {OOPSLA} 2014,
               part of {SPLASH} 2014, Portland, OR, USA, October 20--24, 2014},
  year = {2014},
}

@inproceedings{Nienhuis-al:OOPSLA16,
  author    = {K. Nienhuis and
               K. Memarian and
               P. Sewell},
  title     = {An operational semantics for {C/C++11} concurrency},
  booktitle = {Proceedings of the 2016 {ACM} {SIGPLAN} International Conference on
               Object-Oriented Programming, Systems, Languages, and Applications,
               {OOPSLA} 2016, part of {SPLASH} 2016, Amsterdam, The Netherlands,
               October 30 -- November 4, 2016},
  pages     = {111--128},
  year      = {2016},
}

@inproceedings{Owens-al:TPHOL09,
  author    = {S. Owens and
               S. Sarkar and
               P. Sewell},
  title     = {A Better x86 Memory Model: x86-TSO},
  booktitle = {Theorem Proving in Higher Order Logics, 22nd International Conference,
               TPHOLs 2009, Munich, Germany, August 17-20, 2009. Proceedings},
  pages     = {391--407},
  year      = {2009},
}

@inproceedings{Vafeiadis-Narayan:OOPSLA13,
  author    = {V. Vafeiadis and
               C. Narayan},
  title     = {Relaxed separation logic: a program logic for {C11} concurrency},
  booktitle = {Proceedings of the 2013 {ACM} {SIGPLAN} International Conference on
               Object Oriented Programming Systems Languages {\&} Applications,
               {OOPSLA} 2013, part of {SPLASH} 2013, Indianapolis, IN, USA, October
               26--31, 2013},
  pages     = {867--884},
  year      = {2013},
}

@inproceedings{Lahav-Vafeiadis:ICALP15,
  author    = {O. Lahav and
               V. Vafeiadis},
  title     = {Owicki-Gries Reasoning for Weak Memory Models},
  booktitle = {Automata, Languages, and Programming --- 42nd International Colloquium,
               {ICALP} 2015, Kyoto, Japan, July 6-10, 2015, Proceedings, Part {II}},
  pages     = {311--323},
  year      = {2015},
}

@inproceedings{Tassarotti-al:PLDI15,
  author    = {J. Tassarotti and
               D. Dreyer and
               V. Vafeiadis},
  title     = {Verifying read-copy-update in a logic for weak memory},
  booktitle = {Proceedings of the 36th {ACM} {SIGPLAN} Conference on Programming
               Language Design and Implementation, Portland, OR, USA, June 15--17,
               2015},
  pages     = {110--120},
  year      = {2015},
}

@inproceedings{Doko-Vafeiadis:VMCAI16,
  author    = {M. Doko and
               V. Vafeiadis},
  title     = {A Program Logic for {C11} Memory Fences},
  booktitle = {Verification, Model Checking, and Abstract Interpretation --- 17th International
               Conference, {VMCAI} 2016, St. Petersburg, FL, USA, January 17--19,
               2016. Proceedings},
  pages     = {413--430},
  year      = {2016},
}

@inproceedings{Doko-Vafeiadis:ESOP17,
  author    = {M. Doko and
               V. Vafeiadis},
  title     = {Tackling Real-Life Relaxed Concurrency with {FSL++}},
  booktitle = {Programming Languages and Systems --- 26th European Symposium on Programming,
               {ESOP} 2017, Held as Part of the European Joint Conferences on Theory
               and Practice of Software, {ETAPS} 2017, Uppsala, Sweden, April 22--29,
               2017, Proceedings},
  pages     = {448--475},
  year      = {2017},
}

@article{Diehl-al:FGCS00,
  author    = {S. Diehl and
               P. H. Hartel and
               P. Sestoft},
  title     = {Abstract machines for programming language implementation},
  journal   = {Future Generation Comp. Syst.},
  volume    = {16},
  number    = {7},
  pages     = {739--751},
  year      = {2000},
}

@inproceedings{Morisset-al:PLDI13,
  author    = {R. Morisset and
               P. Pawan and
               F. Zappa Nardelli},
  title     = {Compiler testing via a theory of sound optimisations in the {C11/C++11}
               memory model},
  booktitle = {{ACM} {SIGPLAN} Conference on Programming Language Design and Implementation,
               {PLDI} '13, Seattle, WA, USA, June 16--19, 2013},
  pages     = {187--196},
  year      = {2013},
}

@inproceedings{Sevcik-Aspinall:ECOOP08,
  author    = {J. Sevc{\'{\i}}k and
               D. Aspinall},
  title     = {On Validity of Program Transformations in the Java Memory Model},
  booktitle = {{ECOOP} 2008 - Object-Oriented Programming, 22nd European Conference,
               Paphos, Cyprus, July 7-11, 2008, Proceedings},
  pages     = {27--51},
  year      = {2008},
}

@article{Kavanagh-Brookes:CoRR17,
  author    = {R. Kavanagh and
               S. Brookes},
  title     = {A Denotational Semantics for {SPARC} {TSO}},
  journal   = {CoRR},
  volume    = {abs/1711.00931},
  year      = {2017},
  url       = {http://arxiv.org/abs/1711.00931},
  archivePrefix = {arXiv},
  eprint    = {1711.00931},
}

@incollection{Peled-al:BOOK08,
  author    = {D. A. Peled and
               P. Pelliccione and
               P. Spoletini},
  title     = {Model Checking},
  booktitle = {Wiley Encyclopedia of Computer Science and Engineering},
  year      = {2008},
}

@book{Clarke-al:BOOK99,
  title={Model checking},
  author={Clarke, E. M. and Grumberg, O. and Peled, D.},
  year={1999},
  publisher={MIT press}
}

@article{Hoare:CACM69,
  author    = {C. A. R. Hoare},
  title     = {An Axiomatic Basis for Computer Programming},
  journal   = {Commun. {ACM}},
  volume    = {12},
  number    = {10},
  pages     = {576--580},
  year      = {1969},
}

@article{Keller:CACM76,
  author    = {R. M. Keller},
  title     = {Formal Verification of Parallel Programs},
  journal   = {Commun. {ACM}},
  volume    = {19},
  number    = {7},
  pages     = {371--384},
  year      = {1976},
}

@article{Felleisen-Hieb:TCS92,
  author    = {M. Felleisen and
               R. Hieb},
  title     = {The Revised Report on the Syntactic Theories of Sequential Control
               and State},
  journal   = {Theor. Comput. Sci.},
  volume    = {103},
  number    = {2},
  pages     = {235--271},
  year      = {1992},
}

@article{Lynch-Vaandrager:IC95,
  author    = {N. A. Lynch and
               F. W. Vaandrager},
  title     = {Forward and Backward Simulations: I. Untimed Systems},
  journal   = {Inf. Comput.},
  volume    = {121},
  number    = {2},
  pages     = {214--233},
  year      = {1995},
}

@article{Lynch-Vaandrager:IC96,
  author    = {N. A. Lynch and
               F. W. Vaandrager},
  title     = {Forward and Backward Simulations, {II:} Timing-Based Systems},
  journal   = {Inf. Comput.},
  volume    = {128},
  number    = {1},
  pages     = {1--25},
  year      = {1996},
}

@misc{Flatt-PLT:TR10,
  note = {Reference: Racket. PLT-TR-2010-1 [Электронный ресурс]. ---
  URL: \url{https://racket-lang.org/tr1/} (дата обращения: 29.12.2017)},
  author      = {M. Flatt and PLT},
}

@misc{RacketLang,
  note={Язык программирования Racket [Электронный ресурс]. ---
  URL: \url{http://racket-lang.org/} (дата обращения: 29.12.2017)},
}

@misc{DECAlpha,
  title={Документация архитектуры DEC Alpha [Электронный ресурс]. ---
  URL: \url{http://www.ece.cmu.edu/~ece447/s14/lib/exe/fetch.php?media=alphaahb.pdf} (дата обращения: 29.12.2017)},
}

@inproceedings{Klein-al:POPL12,
  author    = {C. Klein and
               J. Clements and
               C. Dimoulas and
               C. Eastlund and
               M. Felleisen and
               M. Flatt and
               J. A. McCarthy and
               J. Rafkind and
               S. Tobin{-}Hochstadt and
               R. B. Findler},
  title     = {Run your research: on the effectiveness of lightweight mechanization},
  pages     = {285--296},
  year = 2012,
  booktitle =     {Proceedings of the 39th {ACM} {SIGPLAN} Symposium on Principles of
               Programming Languages, {POPL} 2017, Philadelphia, Pennsylvania, USA, January,
               2012},
  publisher =     {{ACM}},
}

@book{Felleisen-al:BOOK09,
  author    = {M. Felleisen and
               R. B. Findler and
               M. Flatt},
  title     = {Semantics Engineering with {PLT} Redex},
  publisher = {{MIT} Press},
  year      = {2009},
}

@book{Aho-al:BOOK86,
  author    = {A. V. Aho and
               R. Sethi and
               J. D. Ullman},
  title     = {Compilers: Principles, Techniques, and Tools},
  series    = {Addison-Wesley series in computer science / World student series edition},
  publisher = {Addison-Wesley},
  year      = {1986},
}

@book{Muchnick:BOOK97,
  author    = {S. S. Muchnick},
  title     = {Advanced Compiler Design and Implementation},
  publisher = {Morgan Kaufmann},
  year      = {1997},
}

@article{Owicki-Gries:CACM76,
  author    = {S. S. Owicki and
               D. Gries},
  title     = {Verifying Properties of Parallel Programs: An Axiomatic Approach},
  journal   = {Commun. {ACM}},
  volume    = {19},
  number    = {5},
  pages     = {279--285},
  year      = {1976},
}

@article{Owicki-Gries:AI76,
  author    = {S. S. Owicki and
               D. Gries},
  title     = {An Axiomatic Proof Technique for Parallel Programs {I}},
  journal   = {Acta Inf.},
  volume    = {6},
  pages     = {319--340},
  year      = {1976},
}

@inproceedings{OHearn:CONCUR04,
  author    = {P. W. O'Hearn},
  title     = {Resources, Concurrency and Local Reasoning},
  booktitle = {{CONCUR} 2004 - Concurrency Theory, 15th International Conference,
               London, UK, August 31 - September 3, 2004, Proceedings},
  pages     = {49--67},
  year      = {2004},
}

@inproceedings{Bornat-al:POPL05,
  author    = {R. Bornat and
               C. Calcagno and
               P. W. O'Hearn and
               M. J. Parkinson},
  title     = {Permission accounting in separation logic},
  booktitle = {Proceedings of the 32nd {ACM} {SIGPLAN-SIGACT} Symposium on Principles
               of Programming Languages, {POPL} 2005, Long Beach, California, USA,
               January 12--14, 2005},
  pages     = {259--270},
  year      = {2005},
}

@inproceedings{Hobor-al:ESOP08,
  author    = {A. Hobor and
               A. W. Appel and
               F. Zappa Nardelli},
  title     = {Oracle Semantics for Concurrent Separation Logic},
  booktitle = {Programming Languages and Systems, 17th European Symposium on Programming,
               {ESOP} 2008, Held as Part of the Joint European Conferences on Theory
               and Practice of Software, {ETAPS} 2008, Budapest, Hungary, March 29--April
               6, 2008. Proceedings},
  pages     = {353--367},
  year      = {2008},
}

@article{Dockins-al:ENTCS08,
  author    = {R. Dockins and
               A. W. Appel and
               A. Hobor},
  title     = {Multimodal Separation Logic for Reasoning About Operational Semantics},
  journal   = {Electr. Notes Theor. Comput. Sci.},
  volume    = {218},
  pages     = {5--20},
  year      = {2008},
}

@inproceedings{Hobor-Gherghina:ESOP11,
  author    = {A. Hobor and
               C. Gherghina},
  title     = {Barriers in Concurrent Separation Logic},
  booktitle = {Programming Languages and Systems --- 20th European Symposium on Programming,
               {ESOP} 2011, Held as Part of the Joint European Conferences on Theory
               and Practice of Software, {ETAPS} 2011, Saarbr{\"{u}}cken, Germany,
               March 26--April 3, 2011. Proceedings},
  pages     = {276--296},
  year      = {2011},
}

@inproceedings{Gotsman-al:APLAS07,
  author    = {A. Gotsman and
               J. Berdine and
               B. Cook and
               N. Rinetzky and
               M. Sagiv},
  title     = {Local Reasoning for Storable Locks and Threads},
  booktitle = {Programming Languages and Systems, 5th Asian Symposium, {APLAS} 2007,
               Singapore, November 29-December 1, 2007, Proceedings},
  pages     = {19--37},
  year      = {2007},
}

@inproceedings{Jacobs-Piessens:POPL11,
  author    = {B. Jacobs and
               F. Piessens},
  title     = {Expressive modular fine-grained concurrency specification},
  booktitle = {Proceedings of the 38th {ACM} {SIGPLAN-SIGACT} Symposium on Principles
               of Programming Languages, {POPL} 2011, Austin, TX, USA, January 26--28,
               2011},
  pages     = {271--282},
  year      = {2011},
}

@inproceedings{Svendsen-Birkedal:ESOP14,
  author    = {K. Svendsen and
               L. Birkedal},
  title     = {Impredicative Concurrent Abstract Predicates},
  booktitle = {Programming Languages and Systems --- 23rd European Symposium on Programming,
               {ESOP} 2014, Held as Part of the European Joint Conferences on Theory
               and Practice of Software, {ETAPS} 2014, Grenoble, France, April 5--13,
               2014, Proceedings},
  pages     = {149--168},
  year      = {2014},
}

@inproceedings{DinsdaleYoung-al:ECOOP10,
  author    = {T. Dinsdale{-}Young and
               M. Dodds and
               P. Gardner and
               M. J. Parkinson and
               V. Vafeiadis},
  title     = {Concurrent Abstract Predicates},
  booktitle = {{ECOOP} 2010 - Object-Oriented Programming, 24th European Conference,
               Maribor, Slovenia, June 21--25, 2010. Proceedings},
  pages     = {504--528},
  year      = {2010},
}

@inproceedings{Jung-al:POPL15,
  author    = {R. Jung and
               D. Swasey and
               F. Sieczkowski and
               K. Svendsen and
               A. Turon and
               L. Birkedal and
               D. Dreyer},
  title     = {Iris: Monoids and Invariants as an Orthogonal Basis for Concurrent
               Reasoning},
  booktitle = {Proceedings of the 42nd Annual {ACM} {SIGPLAN-SIGACT} Symposium on
               Principles of Programming Languages, {POPL} 2015, Mumbai, India, January
               15--17, 2015},
  pages     = {637--650},
  year      = {2015},
}

@inproceedings{Kaiser-al:ECOOP17,
  author    = {J.-O. Kaiser and
               H.-H. Dang and
               D. Dreyer and
               O. Lahav and
               V. Vafeiadis},
  title     = {Strong Logic for Weak Memory: Reasoning About Release-Acquire Consistency
               in Iris},
  booktitle = {31st European Conference on Object-Oriented Programming, {ECOOP} 2017,
               June 19--23, 2017, Barcelona, Spain},
  pages     = {17:1--17:29},
  year      = {2017},
}

@inproceedings{LeyWild-Nanevski:POPL13,
  author    = {R. Ley{-}Wild and
               A. Nanevski},
  title     = {Subjective auxiliary state for coarse-grained concurrency},
  booktitle = {The 40th Annual {ACM} {SIGPLAN-SIGACT} Symposium on Principles of
               Programming Languages, {POPL} '13, Rome, Italy, January 23--25,
               2013},
  pages     = {561--574},
  year      = {2013},
}

@inproceedings{Sergey-al:PLDI15,
  author    = {I. Sergey and
               A. Nanevski and
               A. Banerjee},
  title     = {Mechanized verification of fine-grained concurrent programs},
  booktitle = {Proceedings of the 36th {ACM} {SIGPLAN} Conference on Programming
               Language Design and Implementation, Portland, OR, USA, June 15--17,
               2015},
  pages     = {77--87},
  year      = {2015},
}

@article{Vechev-al:STTT13,
  author    = {M. T. Vechev and
               E. Yahav and
               G. Yorsh},
  title     = {Abstraction-guided synthesis of synchronization},
  journal   = {{STTT}},
  volume    = {15},
  number    = {5-6},
  pages     = {413--431},
  year      = {2013},
}

@inproceedings{Raychev-al:SAS13,
  author    = {V. Raychev and
               M. T. Vechev and
               E. Yahav},
  title     = {Automatic Synthesis of Deterministic Concurrency},
  booktitle = {Static Analysis --- 20th International Symposium, {SAS} 2013, Seattle,
               WA, USA, June 20--22, 2013. Proceedings},
  pages     = {283--303},
  year      = {2013},
}

@inproceedings{Meshman-al:FMCAD15,
  author    = {Y. Meshman and
               N. Rinetzky and
               E. Yahav},
  title     = {Pattern-based Synthesis of Synchronization for the {C++} Memory Model},
  booktitle = {Formal Methods in Computer-Aided Design, {FMCAD} 2015, Austin, Texas,
               USA, September 27-30, 2015.},
  pages     = {120--127},
  year      = {2015},
}

@inproceedings{Dan-al:SAS13,
  author    = {A. M. Dan and
               Y. Meshman and
               M. T. Vechev and
               E. Yahav},
  title     = {Predicate Abstraction for Relaxed Memory Models},
  booktitle = {Static Analysis --- 20th International Symposium, {SAS} 2013, Seattle,
               WA, USA, June 20--22, 2013. Proceedings},
  pages     = {84--104},
  year      = {2013},
}

@inproceedings{Lidbury-Donaldson:POPL17,
  author    = {C. Lidbury and
               A. F. Donaldson},
  title     = {Dynamic race detection for {C++11}},
  booktitle = {Proceedings of the 44th {ACM} {SIGPLAN} Symposium on Principles of
               Programming Languages, {POPL} 2017, Paris, France, January 18--20,
               2017},
  pages     = {443--457},
  year      = {2017},
}

@book{Gosling-al:BOOK96,
  author    = {J. Gosling and
               W. N. Joy and
               G. L. Steele Jr.},
  title     = {The Java Language Specification},
  publisher = {Addison-Wesley},
  year      = {1996},
}

@inproceedings{Pugh:JAVA99,
  author    = {W. Pugh},
  title     = {Fixing the Java Memory Model},
  booktitle = {Proceedings of the {ACM} 1999 Conference on Java Grande, {JAVA} '99,
               San Francisco, CA, USA, June 12--14, 1999},
  pages     = {89--98},
  year      = {1999},
}

@article{Pugh:CPE00,
  author    = {W. Pugh},
  title     = {The Java memory model is fatally flawed},
  journal   = {Concurrency - Practice and Experience},
  volume    = {12},
  number    = {6},
  pages     = {445--455},
  year      = {2000},
}

@article{Unger:ITC95,
  author    = {S. H. Unger},
  title     = {Hazards, Critical Races, and Metastability},
  journal   = {{IEEE} Trans. Computers},
  volume    = {44},
  number    = {6},
  pages     = {754--768},
  year      = {1995},
}

@inproceedings{Batty-al:POPL16,
  author    = {M. Batty and
               A. F. Donaldson and
               J. Wickerson},
  title     = {Overhauling {SC} atomics in {C11} and OpenCL},
  booktitle = {Proceedings of the 43rd Annual {ACM} {SIGPLAN-SIGACT} Symposium on
               Principles of Programming Languages, {POPL} 2016, St. Petersburg,
               FL, USA, January 20--22, 2016},
  pages     = {634--648},
  year      = {2016},
}

@book{Milner:Book89,
  author    = {R. Milner},
  title     = {Communication and concurrency},
  series    = {{PHI} Series in computer science},
  publisher = {Prentice Hall},
  year      = {1989},
}

@book{Jackson:Book06,
 author = {Jackson, D.},
 title = {Software Abstractions: Logic, Language, and Analysis},
 year = {2006},
 publisher = {The MIT Press},
}
 
@inproceedings{Bornholt-Torlak:PLDI17,
  author    = {J. Bornholt and
               E. Torlak},
  title     = {Synthesizing memory models from framework sketches and Litmus tests},
  booktitle = {Proceedings of the 38th {ACM} {SIGPLAN} Conference on Programming
               Language Design and Implementation, {PLDI} 2017, Barcelona, Spain,
               June 18--23, 2017},
  pages     = {467--481},
  year      = {2017},
}

@inproceedings{Torlak-Bodik:Onward13,
 author = {Torlak, E. and Bodik, R.},
 title = {Growing Solver-aided Languages with Rosette},
 booktitle = {Proceedings of the 2013 ACM International Symposium on New Ideas, New Paradigms, and Reflections on Programming \& Software},
 series = {Onward! 2013},
 year = {2013},
 location = {Indianapolis, Indiana, USA},
 pages = {135--152},
} 

@inproceedings{Torlak-Bodik:PLDI14,
 author = {Torlak, E. and Bodik, R.},
 title = {A Lightweight Symbolic Virtual Machine for Solver-aided Host Languages},
 booktitle = {Proceedings of the 35th ACM SIGPLAN Conference on Programming Language Design and Implementation},
 series = {PLDI '14},
 year = {2014},
 location = {Edinburgh, United Kingdom},
 pages = {530--541},
} 

@inproceedings{Memarian-al:PLDI16,
 author = {Memarian, K. and
           Matthiesen, J. and
           Lingard, J. and
           Nienhuis, K. and
           Chisnall, D. and
           Watson, R. N. M. and
           Sewell, P.},
 title = {Into the Depths of C: Elaborating the De Facto Standards},
 booktitle = {Proceedings of the 37th ACM SIGPLAN Conference on Programming Language Design and Implementation},
 series = {PLDI '16},
 year = {2016},
 location = {Santa Barbara, CA, USA},
 pages = {1--15},
} 

@misc{Batty-Sewell:WNote14,
  author = {M. Batty and P. Sewell},
  note = {The Thin-air Problem [Электронный ресурс]. ---
  URL: \url{http://www.cl.cam.ac.uk/~pes20/cpp/notes42.html} (дата обращения: 29.12.2017)},
}

@inproceedings{Winskel:AC86,
  author    = {G. Winskel},
  title     = {Event Structures},
  booktitle = {Petri Nets: Central Models and Their Properties, Advances in Petri
               Nets 1986, Part II, Proceedings of an Advanced Course, Bad Honnef,
               8.-19. September 1986},
  pages     = {325--392},
  year      = {1986},
}

@inproceedings{Winskel:LTBT88,
  author    = {G. Winskel},
  title     = {An introduction to event structures},
  booktitle = {Linear Time, Branching Time and Partial Order in Logics and Models
               for Concurrency, School/Workshop, Noordwijkerhout, The Netherlands,
               May 30 -- June 3, 1988, Proceedings},
  pages     = {364--397},
  year      = {1988},
}

@inproceedings{Lahav-al:POPL16,
  author    = {O. Lahav and
               N. Giannarakis and
               V. Vafeiadis},
  title     = {Taming release-acquire consistency},
  booktitle = {Proceedings of the 43rd Annual {ACM} {SIGPLAN-SIGACT} Symposium on
               Principles of Programming Languages, {POPL} 2016, St. Petersburg,
               FL, USA, January 20--22, 2016},
  pages     = {649--662},
  year      = {2016},
}

@article{Adve-Gharachorloo:IEEE96,
  author    = {S. V. Adve and
               K. Gharachorloo},
  title     = {Shared Memory Consistency Models: {A} Tutorial},
  journal   = {{IEEE} Computer},
  volume    = {29},
  number    = {12},
  pages     = {66--76},
  year      = {1996},
}

@misc{opCppCode,
  author = {А. Подкопаев},
  note = {Интерпретатор для операционной модели C/++11 [Электронный ресурс]. ---
  URL: \url{https://github.com/anlun/OperationalSemanticsC11}
  (дата обращения: 29.12.2017)},
  language = {russian},
}

@article{Bornat-al:LACE,
  author    = {R. Bornat and
               J. Alglave and
               M. J. Parkinson},
  title     = {New Lace and Arsenic: adventures in weak memory with a program logic},
  journal   = {CoRR},
  volume    = {abs/1512.01416},
  year      = {2015},
  url       = {http://arxiv.org/abs/1512.01416},
}

@misc{Maranget-al:tutorial,
  author = {L. Maranget and
            S. Sarkar and
            P. Sewell},
  year = {2012},
  note = {A Tutorial Introduction to the {ARM} and {POWER} Relaxed Memory Models [Электронный ресурс]. ---
      URL: \url{http://www.cl.cam.ac.uk/~pes20/ppc-supplemental/test7.pdf} (дата обращения: 29.12.2017)}
}

@phdthesis{McKenney:PhD,
  title  = {Exploiting Deferred Destruction: An Analysis of Read-Copy-Update Techniques in Operating System Kernels},
  author = {P. E. McKenney},
  school = {OGI School of Science and Engineering at Oregon Health and Sciences University},
  year   = {2004},
}

@inproceedings{McKenney-Slingwine:PDCS98,
  author   = {P. E. McKenney and
              J. D. Slingwine},
  title    = {Read-Copy Update: Using Execution History to Solve Concurrency Problems},
  pages    = {509--518},
  year     = {1998},
  booktitle = {PDCS},
}

@article{Desnoyers-al:TPDS12, 
  author={M. Desnoyers and
          P. E. McKenney and
          A. S. Stern and
          M. R. Dagenais and
          J. Walpole}, 
  journal={IEEE Transactions on Parallel and Distributed Systems}, 
  title={User-Level Implementations of Read-Copy Update}, 
  year={2012}, 
  volume={23}, 
  number={2}, 
  pages={375-382}, 
  month={Feb}
}

@inproceedings{Hritcu-al:ICFP13,
  author    = {C. Hritcu and
               J. Hughes and
               B. C. Pierce and
               A. Spector{-}Zabusky and
               D. Vytiniotis and
               A. {Azevedo de Amorim} and
               L. Lampropoulos},
  title     = {Testing noninterference, quickly},
  pages     = {455--468},
  booktitle = {Proceedings of the 18th ACM SIGPLAN International Conference on Functional Programming (ICFP~2013)},
  year = {2013},
}

@BOOK{TrifanovDisser,
  author = {Tрифанов, В.},
  title = {Динамическое обнаружение состояний гонки в многопоточных {Java}-программах: дис. канд. техн. наук: 05.13.11},
  address = {СПб},
  year = {2013},
  numpages = {112},
  language = {russian}
}

@misc{GCC,
  title={Семейство компиляторов GCC [Электронный ресурс]. ---
  URL: \url{https://gcc.gnu.org/} (дата обращения: 29.12.2017)},
}

@misc{CLANG,
  title={Компилятор языка C в платформу LLVM [Электронный ресурс]. ---
  URL: \url{https://clang.llvm.org/} (дата обращения: 29.12.2017)},
}

@misc{Podkopaev-al:ECOOP17TR,
  author    = {A. Podkopaev and
               O. Lahav and
               V. Vafeiadis},
  title     = {},
  year = {2017},
  note =  {Promising Compilation to {ARMv8 POP}. Extended Version [Электронный ресурс]. ---
   URL: \url{http://podkopaev.net/armpromise} (дата обращения: 29.12.2017)},
}