@inproceedings{LrAbstract1,
 author = {Doh, K. G. and Kim, H. and Schmidt, D. A.},
 title = {Abstract Parsing: Static Analysis of Dynamically Generated String Output Using LR-Parsing Technology},
 booktitle = {Proceedings of the 16th International Symposium on Static Analysis},
 series = {SAS '09},
 year = {2009},
 isbn = {978-3-642-03236-3},
 location = {Los Angeles, CA},
 pages = {256--272},
 numpages = {17},
 doi = {10.1007/978-3-642-03237-0_18},
 acmid = {1615461},
 publisher = {Springer-Verlag},
 address = {Berlin, Heidelberg}
} 

@incollection{LrAbstract2,
 author = {Doh, K. G. and Kim, H. and Schmidt, D. A.},
 title = {Abstract LR-parsing},
 booktitle = {Formal Modeling},
 editor = {Agha, Gul and Meseguer, Jos{\'e} and Danvy, Olivier},
 year = {2011},
 isbn = {978-3-642-24932-7},
 pages = {90--109},
 numpages = {20},
 acmid = {2074599},
 publisher = {Springer-Verlag},
 address = {Berlin, Heidelberg}
} 

@incollection{LRAbstractParsingSema,
              year={2013},
              isbn={978-3-642-38855-2},
              booktitle={Static Analysis},
              volume={7935},
              series={Lecture Notes in Computer Science},
              doi={10.1007/978-3-642-38856-9_12},
              title={Static Validation of Dynamically Generated HTML Documents Based on Abstract Parsing and Semantic Processing},
              publisher={Springer Berlin Heidelberg},
              author={Doh, K. G. and Kim, H. and Schmidt, D. A.},
              pages={194-214},
              language={English}
}

@inproceedings{GLRAbsPars,
 author = {Grigorev, S. and Kirilenko, I.},
 title = {GLR-based Abstract Parsing},
 booktitle = {Proceedings of the 9th Central and Eastern European Software Engineering Conference in Russia},
 series = {CEE-SECR '13},
 year = {2013},
 isbn = {978-1-4503-2641-4},
 location = {Moscow, Russia},
 pages = {5:1--5:9},
 articleno = {5},
 numpages = {9},
 doi = {10.1145/2556610.2556616},
 acmid = {2556616},
 publisher = {ACM},
 address = {New York, NY, USA},
 keywords = {GLR, RNGLR, abstract parsing, abstract translation, dynamic SQL, embedded languages, injected languages, parsing, string-embedded languages, two-staged languages},
}

@inproceedings{SELforIDE,
 author = {Grigorev, S. and Verbitskaia, E. and Ivanov, A. and Polubelova, M. and Mavchun, E.},
 title = {String-embedded Language Support in Integrated Development Environment},
 booktitle = {Proceedings of the 10th Central and Eastern European Software Engineering Conference in Russia},
 series = {CEE-SECR '14},
 year = {2014},
 isbn = {978-1-4503-2889-0},
 location = {Moscow, Russia},
 pages = {21:1--21:11},
 articleno = {21},
 numpages = {11},
 doi = {10.1145/2687233.2687247},
 acmid = {2687247},
 publisher = {ACM},
 address = {New York, NY, USA},
 keywords = {Dynamic SQL, IDE, abstract parsing, integrated development environment, lexer generator, parser generator, parsing, string-embedded language},
}

@article{Mohri,
 author = {Mohri, M.},
 title = {Finite-state Transducers in Language and Speech Processing},
 journal = {Comput. Linguist.},
 volume = {23},
 number = {2},
 year = {1997},
 issn = {0891-2017},
 pages = {269--311},
 numpages = {43},
 acmid = {972698},
 publisher = {MIT Press},
 address = {Cambridge, MA, USA}
}

@article{RNGLR,
 author = {Scott, E. and Johnstone, A.},
 title = {Right Nulled GLR Parsers},
 journal = {ACM Trans. Program. Lang. Syst.},
 volume = {28},
 number = {4},
 year = {2006},
 issn = {0164-0925},
 pages = {577--618},
 numpages = {42},
 doi = {10.1145/1146809.1146810},
 acmid = {1146810},
 publisher = {ACM},
 address = {New York, NY, USA},
 keywords = {General context-free grammars, generalized LR parsing}
}

@book{FSharp,
 author = {Syme, D. and Granicz, A. and Cisternino, A.},
 title = {Expert F\# (Expert's Voice in .Net)},
 isbn = {1590598504, 9781590598504},
}


@article{RegOverApprox,
 author = {Yu, F. and Alkhalaf, M. and Bultan, T. and Ibarra, O. H. },
 title = {Automata-based Symbolic String Analysis for Vulnerability Detection},
 journal = {Form. Methods Syst. Des.},
 volume = {44},
 number = {1},
 year = {2014},
 issn = {0925-9856},
 pages = {44--70},
 numpages = {27},
 doi = {10.1007/s10703-013-0189-1},
 acmid = {2581966},
 publisher = {Kluwer Academic Publishers},
 address = {Hingham, MA, USA},
 keywords = {Automated verification, String analysis, Vulnerability analysis, Web application security},
}

@inproceedings{JSStagedMetaProgramming,
 author = {Lester, M. M.},
 title = {Position Paper: The Science of Boxing},
 booktitle = {Proceedings of the Eighth ACM SIGPLAN Workshop on Programming Languages and Analysis for Security},
 series = {PLAS '13},
 year = {2013},
 isbn = {978-1-4503-2144-0},
 location = {Seattle, Washington, USA},
 pages = {83--88},
 numpages = {6},
 doi = {10.1145/2465106.2465120},
 acmid = {2465120},
 publisher = {ACM},
 address = {New York, NY, USA},
 keywords = {eval, javascript, program transformation, staged metaprogramming, static analysis},
}

@inproceedings{JSStagedMetaProgrammingFull,
  author    = {Lester, M. and Ong, L. and Sch{\"{a}}fer, M.},
  title     = {Information Flow Analysis for a Dynamically Typed Language with Staged
               Metaprogramming},
  booktitle = {2013 {IEEE} 26th Computer Security Foundations Symposium, New Orleans,
               LA, USA, June 26-28, 2013},
  pages     = {209--223},
  year      = {2013},
  doi       = {10.1109/CSF.2013.21},
  timestamp = {Wed, 18 Sep 2013 20:04:34 +0200},
  bibsource = {dblp computer science bibliography, http://dblp.org}
}

@inproceedings{DevelopmentDSQLTools,
 author = {Smith, Z.},
 title = {Development of Tools to Manage Embedded SQL},
 booktitle = {Proceedings of the 49th Annual Southeast Regional Conference},
 series = {ACM-SE '11},
 year = {2011},
 isbn = {978-1-4503-0686-7},
 location = {Kennesaw, Georgia},
 pages = {358--359},
 numpages = {2},
 doi = {10.1145/2016039.2016147},
 acmid = {2016147},
 publisher = {ACM},
 address = {New York, NY, USA},
 keywords = {embedded SQL, source-code, tools},
} 

@inproceedings{DSQLQualityMesure,
 author = {Van, Den Brink H. and Van, Der Leek R. and Visser, J.},
 title = {Quality Assessment for Embedded SQL},
 booktitle = {Proceedings of the Seventh IEEE International Working Conference on Source Code Analysis and Manipulation},
 series = {SCAM '07},
 year = {2007},
 isbn = {0-7695-2880-5},
 pages = {163--170},
 numpages = {8},
 doi = {10.1109/SCAM.2007.18},
 acmid = {1307345},
 publisher = {IEEE Computer Society},
 address = {Washington, DC, USA},
} 


@article{LangIncusion,
 author = {Asveld, P. R. J. and Nijholt, A.},
 title = {The Inclusion Problem for Some Subclasses of Context-free Languages},
 journal = {Theor. Comput. Sci.},
 volume = {230},
 number = {1-2},
 year = {1999},
 issn = {0304-3975},
 pages = {247--256},
 numpages = {10},
 doi = {10.1016/S0304-3975(99)00113-9},
 acmid = {323518},
 publisher = {Elsevier Science Publishers Ltd.},
 address = {Essex, UK},
 keywords = {(restricted) context-free grammar, (restricted) deterministic push-down automation, inclusion problem, unambiguous context-free language},
} 

@inproceedings{Alvor1,
 author = {Annamaa, A. and Breslav, A. and Kabanov, J. and Vene, V.},
 title = {An Interactive Tool for Analyzing Embedded SQL Queries},
 booktitle = {Proceedings of the 8th Asian Conference on Programming Languages and Systems},
 series = {APLAS'10},
 year = {2010},
 isbn = {3-642-17163-X, 978-3-642-17163-5},
 location = {Shanghai, China},
 pages = {131--138},
 numpages = {8},
 acmid = {1947886},
 publisher = {Springer-Verlag},
 address = {Berlin, Heidelberg},
} 

@inproceedings{AbstractInterpretation,
 author = {Cousot, P. and Cousot, R.},
 title = {Abstract Interpretation: A Unified Lattice Model for Static Analysis of Programs by Construction or Approximation of Fixpoints},
 booktitle = {Proceedings of the 4th ACM SIGACT-SIGPLAN Symposium on Principles of Programming Languages},
 series = {POPL '77},
 year = {1977},
 location = {Los Angeles, California},
 pages = {238--252},
 numpages = {15},
 doi = {10.1145/512950.512973},
 acmid = {512973},
 publisher = {ACM},
 address = {New York, NY, USA},
}

@inproceedings{Tomita,
 author = {Tomita, M.},
 title = {An Efficient Context-free Parsing Algorithm for Natural Languages},
 booktitle = {Proceedings of the 9th International Joint Conference on Artificial Intelligence - Volume 2},
 series = {IJCAI'85},
 year = {1985},
 isbn = {0-934613-02-8, 978-0-934-61302-6},
 location = {Los Angeles, California},
 pages = {756--764},
 numpages = {9},
 acmid = {1623625},
 publisher = {Morgan Kaufmann Publishers Inc.},
 address = {San Francisco, CA, USA},
} 

@book{JSP,
 author = {Hougland, D. and Tavistock, A.},
 title = {Core JSP},
 year = {2000},
 isbn = {0130882488},
 publisher = {Prentice Hall PTR},
 address = {Upper Saddle River, NJ, USA},
}

@phdthesis{SPPF,
    author = {Rekers, J. G.},
    title = {Parser Generation for Interactive Environments},
    year = {1992},
    school={Universiteit van Amsterdam}
}

@book{Grune,
 author = {Dick, G. and Ceriel, H.},
 title = {Parsing Techniques: A Practical Guide},
 year = {1990},
 isbn = {0-13-651431-6},
 publisher = {Ellis Horwood},
 address = {Upper Saddle River, NJ, USA},
}

@book{Dragon,
 author = {Aho, A. V. and Sethi, R. and Ullman, J. D.},
 title = {Compilers: Principles, Techniques, and Tools},
 year = {1986},
 isbn = {0-201-10088-6},
 publisher = {Addison-Wesley Longman Publishing Co., Inc.},
 address = {Boston, MA, USA},
} 

@phdthesis{GeneralisedlrBIG,
    author = {Economopoulos, G. R.},
    title = {Generalised LR parsing algorithms},
    school={University of London},
    year = {2006}
}

@phdthesis{DSQLQualityMesureBIG,
    author = {Van, Den Brink H.},
    title = {A Framework to Distil SQL Queries Out of Host Languages in Order to Apply Quality Metrics},
    school={Utrecht University},
    year = {2007}
}

@article{GLL,
 author = {Scott, E. and Johnstone, A.},
 title = {GLL Parsing},
 journal = {Electron. Notes Theor. Comput. Sci.},
 volume = {253},
 number = {7},
 year = {2010},
 issn = {1571-0661},
 pages = {177--189},
 numpages = {13},
 doi = {10.1016/j.entcs.2010.08.041},
 acmid = {1860320},
 publisher = {Elsevier Science Publishers B. V.},
 address = {Amsterdam, The Netherlands, The Netherlands},
 keywords = {RNGLR and RIGLR parsing, context free languages, generalised parsing, recursive descent},
} 

@inproceedings{SQLInjection,
 author = {Fu, X. and Lu, X. and Peltsverger, B. and Chen, S. and Qian, K. and Tao, L.},
 title = {A Static Analysis Framework For Detecting SQL Injection Vulnerabilities},
 booktitle = {Proceedings of the 31st Annual International Computer Software and Applications Conference - Volume 01},
 series = {COMPSAC '07},
 year = {2007},
 isbn = {0-7695-2870-8},
 pages = {87--96},
 numpages = {10},
 doi = {10.1109/COMPSAC.2007.43},
 acmid = {1299784},
 publisher = {IEEE Computer Society},
 address = {Washington, DC, USA},
}

@inproceedings{Dasgupta:2009:SAF:1546683.1547548,
 author = {Dasgupta, A. and Narasayya, V. and Syamala, M.},
 title = {A Static Analysis Framework for Database Applications},
 booktitle = {Proceedings of the 2009 IEEE International Conference on Data Engineering},
 series = {ICDE '09},
 year = {2009},
 isbn = {978-0-7695-3545-6},
 pages = {1403--1414},
 numpages = {12},
 doi = {10.1109/ICDE.2009.98},
 acmid = {1547548},
 publisher = {IEEE Computer Society},
 address = {Washington, DC, USA},
 keywords = {Static analysis, database applications, SQLinjection, workload},
} 

@article{BRNGLR,
 author = {Scott, E. and Johnstone, A. and Economopoulos, R.},
 title = {BRNGLR: A Cubic Tomita-style GLR Parsing Algorithm},
 journal = {Acta Inf.},
 volume = {44},
 number = {6},
 year = {2007},
 issn = {0001-5903},
 pages = {427--461},
 numpages = {35},
 doi = {10.1007/s00236-007-0054-z},
 acmid = {1289815},
 publisher = {Springer-Verlag New York, Inc.},
 address = {Secaucus, NJ, USA},
} 

@article{RIGLR,
 author = {Scott, E. and Johnstone, A.},
 title = {Generalized Bottom Up Parsers With Reduced Stack Activity},
 journal = {Comput. J.},
 volume = {48},
 number = {5},
 year = {2005},
 issn = {0010-4620},
 pages = {565--587},
 numpages = {23},
 doi = {10.1093/comjnl/bxh102},
 acmid = {1095016},
 publisher = {Oxford University Press},
 address = {Oxford, UK},
} 

@inproceedings{Alvor2,
               author = {Annamaa, A. and Breslav, A. and Vene, V.},
               title = {Using Abstract Lexical Analysis and Parsing to Detect Errors in String-Embedded DSL Statements},
               booktitle = {Proceedings of the 22nd Nordic Workshop on Programming Theory},
               year = {2010},
               pages = {20--22},
} 

@misc{DSQLISO,
      author    = {ISO. ISO/IEC 9075:1992},
      title     = {Information technology --- Database languages --- SQL},
      year      = {1992}
}

@misc{EBNFISO,
      author    = {ISO. ISO/IEC 14977:1996(E)},
      title     = {Information technology --- Syntactic metalanguage --- Extended BNF },
      year      = {1996}
}

@article{YCArticle,
 author = {Kirilenko, I. and Grigorev, S. and Avdiukhin, D.},
 title = {Syntax Analyzers Development in Automated Reengineering of Informational System},
 journal = {St. Petersburg State Polytechnical University Journal. Computer Science. Telecommunications and Control Systems},
 volume = {174},
 number = {3},
 year = {2013},
 pages = {94--98},
 numpages = {4},
 publisher = {IEEE Computer Society}
} 

@online{PHPmySQL,
      title = {Взаимодействие программ на PHP с СУБД MySQL [Электронный ресурс]},
      url   = {http://php.net/manual/en/mysqli.query.php},
      urldate = {11.06.2015},
      language = "russian",
}

@online{SQLWays,
      title = {SQL Ways [Электронный ресурс]},
      url   = {http://www.ispirer.com/products},
      urldate = {11.06.2015},
      language = "russian",
}

@online{PLSQLDeveloper,
      title = {PL/SQL Developer [Электронный ресурс]},
      url   = {http://www.allroundautomations.com/plsqldev.html},
      urldate = {11.06.2015},
      language = "russian",
}

@online{SwissSQL,
      title = {SwissSQL [Электронный ресурс]},
      url   = {http://www.swissql.com/},
      urldate = {11.06.2015},
      language = "russian",
}

@inproceedings
{Varis,
    author = {Nguyen, H. V. and K{\"a}stner, C. and Nguyen, T. N.},
    title = {Varis: IDE Support for Embedded Client Code in PHP Web Applications},
    booktitle = {Proceedings of the 37th International Conference on Software Engineering (ICSE)},
    year = {2015},
    note = {Formal Demonstration paper},
    publisher = {ACM Press},
    address = {New York, NY},
}

@online{FsLex,
    title        = {FsLex [Электронный ресурс]},
    url          = {http://fsprojects.github.io/FsLexYacc/ },
    urldate = {11.06.2015},
      language = "russian",
}


@online{JFlex,
    title        = {JFlex [Электронный ресурс]},
    url          = {http://jflex.de/},
    urldate = {11.06.2015},
      language = "russian",
}


@online{AlvorUrl,
    title        = "Alvor [Электронный ресурс]",
    url          = { http://code.google.com/p/alvor/ },
    urldate = {11.06.2015},
      language = "russian",
}

@online{PHPSAUrl,
    title        = "PHP String Analyzer [Электронный ресурс]",
    url          = { http://www.score.cs.tsukuba.ac.jp/~minamide/phpsa/ },
    urldate = {11.06.2015},
      language = "russian",
}

@online{JSAUrl,
    title        = "Java String Analyzer [Электронный ресурс]",
    url          = { http://www.brics.dk/JSA/ },
    urldate = {11.06.2015},
      language = "russian",
}

@online{MONAUrl,
    title        = "MONA [Электронный ресурс]",
    url          = { http://www.brics.dk/mona/ },
    urldate = {11.06.2015},
      language = "russian",
}

@online{YCUrl,
    title        = "YaccConstructor [Электронный ресурс]",
    url          = {https://github.com/YaccConstructor/ },
    urldate = {11.06.2015},
      language = "russian",
}

@online{ReSharper,
      title        = "ReSharper [Электронный ресурс]",
      url          = {https://www.jetbrains.com/resharper/ },
      urldate = {11.06.2015},
      language = "russian",
}

@online{ReSharperSDK,
      title        = "Документация проекта ReSharper SDK [Электронный ресурс]",
      url          = { https://www.jetbrains.com/resharper/devguide/README.html },
      urldate = {11.06.2015},
      language = "russian",
}

@online{QuickGraph,
      title        = "QuickGraph [Электронный ресурс]",
      url          = { https://quickgraph.codeplex.com/ },
      urldate = {11.06.2015},
      language = "russian",
}

@online{Graphviz,
      title        = "Сайт проекта Graphviz [Электронный ресурс]",
      url          = { http://www.graphviz.org/ },
      urldate = {11.06.2015},
      language = "russian",
}
    
@online{IntelliLang,
      title        = "IntelliLang [Электронный ресурс]",
      url          = { https://www.jetbrains.com/idea/help/intellilang.html },
      urldate = {11.06.2015},
      language = "russian",
}    


@online{PHPStorm,
      title        = "PHPStorm IDE [Электронный ресурс]",
      url          = { https://www.jetbrains.com/phpstorm/ },
      urldate = {11.06.2015},
      language = "russian",
}    

@inproceedings{Syrcose,
               author = {Grigorev, S. and Kirilenko, I. },
               title = {From Abstract Parsing to Abstract Translation},
               booktitle = {Preliminary Proceedings of the 8th Spring/Summer Young Researchers Colloquium on Software Engineering},
               year = {2013},
               pages = {135--139},
} 


@inproceedings{DSQLReverseEngineering,
 author = {Cleve, A. and Hainaut, J. L.},
 title = {Dynamic Analysis of SQL Statements for Data-Intensive Applications Reverse Engineering},
 booktitle = {Proceedings of the 2008 15th Working Conference on Reverse Engineering},
 series = {WCRE '08},
 year = {2008},
 isbn = {978-0-7695-3429-9},
 pages = {192--196},
 numpages = {5},
 doi = {10.1109/WCRE.2008.38},
 acmid = {1448048},
 publisher = {IEEE Computer Society},
 address = {Washington, DC, USA},
 keywords = {Dynamic analysis, SQL, aspects, data reverse engineering, program comprehension},
} 

@incollection{DSQLSemaFRecovery,
  author = {Cleve, A. and Meurisse, J. R. and Hainaut, J. L.},
  title={Database semantics recovery through analysis of dynamic SQL statements},
  booktitle={Journal on data semantics XV},
  pages={130--157},
  year={2011},
  publisher={Springer}
  } 

@InProceedings{JSA,
  author =       {Christensen, A. S. and M{\o}ller, A. and Schwartzbach, M. I.},
  title =        {Precise Analysis of String Expressions},
  booktitle =    {Proc. 10th International Static Analysis Symposium (SAS)},
  year =         {2003},
  volume =       {2694},
  series =       {LNCS},
  publisher =    {Springer-Verlag},
  pages =        {1--18},
}

@inproceedings{PHPSA,
 author = {Minamide, Y.},
 title = {Static Approximation of Dynamically Generated Web Pages},
 booktitle = {Proceedings of the 14th International Conference on World Wide Web},
 series = {WWW '05},
 year = {2005},
 isbn = {1-59593-046-9},
 location = {Chiba, Japan},
 pages = {432--441},
 numpages = {10},
 doi = {10.1145/1060745.1060809},
 acmid = {1060809},
 publisher = {ACM},
 address = {New York, NY, USA},
 keywords = {HTML validation, context-free grammars, cross-site scripting, server-side scripting, static analysis},
} 

@book{SoftwareMetrics,
 author = {Fenton, N. and Pfleeger, S. L.},
 title = {Software Metrics (2Nd Ed.): A Rigorous and Practical Approach},
 year = {1997},
 isbn = {0-534-95600-9},
 publisher = {PWS Publishing Co.},
 address = {Boston, MA, USA},
}


@book{reengANT,
 author = {Терехов, А. Н. and Терехов, А. А.},
 title = {Автоматизированный реинжиниринг программ},
 year = {2000},
 publisher = {Издательство С.-Петербургского университета},
 address = {СПб},
 language={russian},
}

@conference{FSA,
    author = {Pitts, A. M.},
    title = {Lecture Notes on Regular Languages and Finite Automata for Part IA of the Computer Science Tripos},
    organization = {Cambridge University Computer Laboratory},
    year = {2010},
}

@conference{FST,
    author = {Hanneforth, T.},
    title = {Finite-state Machines: Theory and Applications Unweighted Finite-state Automata},
    organization = {Institut fur Linguistik Universitat Potsdam},
    year = {2010},
}

@ARTICLE{ chomsky,
AUTHOR = {Chomsky, N.},
TITLE = {Three models for the description of language},
JOURNAL = {IRE Transactions on Information Theory},
PAGES = {113-124},
YEAR = {1956},
  }
  
@inproceedings{StringAnalysis,
    author = {Yu, F. and Cova, M.},
    title = {String Analysis},
    year = {2008},
    publisher={Citeseer}
}

@ARTICLE{SELforIDEru,
 author = {Кириленко, Я. А. and Григорьев, С. В. and Авдюхин, Д. А. },
 title = {Инструментальная поддержка встроенных языков в интегрированных средах разработки},
 journal = {Моделирование и анализ информационных систем},
 volume = {21},
 number = {6},
 year = {2014},
 pages = {131--143},
 language={russian},
 publisher = {Ярославский государственный университет им. П.Г. Демидова}
  }
  
 @ARTICLE{AbstractGLL,
 author = {Grigorev, S. and Ragozina, A.},
 title = {Generalized Table-Based LL-Parsing},
 journal = {Systems and Means of Informatics },
 volume = {25},
 number = {1},
 year = {2014},
 pages = {89--107},
 publisher = {Institute of Informatics Problems, Russian Academy of Sciences}
  }

@inproceedings{SAFELI,
 author = {Fu, X. and Qian, K.},
 title = {SAFELI: SQL Injection Scanner Using Symbolic Execution},
 booktitle = {Proceedings of the 2008 Workshop on Testing, Analysis, and Verification of Web Services and Applications},
 series = {TAV-WEB '08},
 year = {2008},
 isbn = {978-1-60558-053-1},
 location = {Seattle, Washington},
 pages = {34--39},
 numpages = {6},
 doi = {10.1145/1390832.1390838},
 acmid = {1390838},
 publisher = {ACM},
 address = {New York, NY, USA},
 keywords = {SQL injection attack, automated testing, constraint solver, symbolic execution},
} 

@INPROCEEDINGS{RNGLRSyntaxerror1,
    author = {Valkering, R.},
    title = {Syntax error handling in scannerless generalized LR parsers},
    booktitle = {Group, University of Amsterdam},
    year = {2007}
}

@article{RNGLRSyntaxerror2,
 author = {de Jonge, M. and Kats, L. C. and Visser, E. and S\"{o}derberg, E.},
 title = {Natural and Flexible Error Recovery for Generated Modular Language Environments},
 journal = {ACM Trans. Program. Lang. Syst.},
 issue_date = {December 2012},
 volume = {34},
 number = {4},
 year = {2012},
 issn = {0164-0925},
 pages = {15:1--15:50},
 articleno = {15},
 numpages = {50},
 doi = {10.1145/2400676.2400678},
 acmid = {2400678},
 publisher = {ACM},
 address = {New York, NY, USA},
 keywords = {Error recovery, generalized parsing},
} 

@article{RNGLRSyntaxerror3,
 author = {Kats, L. C. and de Jonge, M. and Nilsson-Nyman, E. and Visser, E.},
 title = {Providing Rapid Feedback in Generated Modular Language Environments: Adding Error Recovery to Scannerless generalized-LR Parsing},
 journal = {SIGPLAN Not.},
 issue_date = {October 2009},
 volume = {44},
 number = {10},
 year = {2009},
 issn = {0362-1340},
 pages = {445--464},
 numpages = {20},
 doi = {10.1145/1639949.1640122},
 acmid = {1640122},
 publisher = {ACM},
 address = {New York, NY, USA},
 keywords = {composable languages, embedded languages, error recovery, language extensions, permissive grammars, sdf, sglr},
} 

@incollection{RNGLRSyntaxerror4,
  AUTHOR = {Malone, S. and Felshin, S.},
  TITLE = {GLR Parsing for Erroneous Input},
  YEAR = 1991,
  BOOKTITLE = {Generalized LR Parsing},
  EDITOR = {M. Tomita},
  PUBLISHER = {Kluwer},
  ADDRESS = {Boston},
  PAGES = {129-140},
  KEYWORDS = {}}
  
@article{DSQLInActiveUse,
  author    = {Cleve, A. and Mens, T. and Hainaut, J. L.},
  title     = {Data-Intensive System Evolution},
  journal   = {{IEEE} Computer},
  volume    = {43},
  number    = {8},
  pages     = {110--112},
  year      = {2010},
  doi       = {10.1109/MC.2010.227},
  timestamp = {Thu, 12 Aug 2010 08:43:44 +0200},
  biburl    = {http://dblp.uni-trier.de/rec/bib/journals/computer/CleveMH10},
  bibsource = {dblp computer science bibliography, http://dblp.org}
}  

@article{DynamicDSQLTranslation,
  author    = {Шапот, М. Д. and Попов, Э. В.},
  title     = {Реинжиниринг баз данных},
  journal   = {Открытые системы},
  number    = {4},
  pages     = {110--112},
  year      = {2004},
  language={russian},
}  

@inproceedings{DataStructureForFA,
 author = {Hooimeijer, P. and Veanes, M.},
 title = {An Evaluation of Automata Algorithms for String Analysis},
 booktitle = {Proceedings of the 12th International Conference on Verification, Model Checking, and Abstract Interpretation},
 series = {VMCAI'11},
 year = {2011},
 isbn = {978-3-642-18274-7},
 location = {Austin, TX, USA},
 pages = {248--262},
 numpages = {15},
 acmid = {1946302},
 publisher = {Springer-Verlag},
 address = {Berlin, Heidelberg},
} 

@inproceedings{SPPF2015,
    author = {Zaytsev, V.},
    title = {Coupled Transformations of Shared Packed Parse Forests},
    booktitle = {Sixth International Workshop on Graph Computation Models (GCM)},
    year = {2015},
    editor = {Detlef Plump},
    volume = {1403},
    series = {CEUR Workshop Proceedings},
    pages = {2--17},
    publisher = {CEUR-WS.org},
}

@online{ICSE,
      title = {Сайт конференции International Conference on Software Engineering [Электронный ресурс]},
      url   = {http://2015.icse-conferences.org/},
      urldate = {29.07.2015},
      language = "russian",
}

@online{Eclipse,
      title = {Eclipse IDE [Электронный ресурс]},
      url   = {http://www.eclipse.org/ide/},
      urldate = {29.07.2015},
      language = "russian",
}

@online{IDEA,
      title = {IntelliJ IDEA IDE [Электронный ресурс]},
      url   = {https://www.jetbrains.com/idea/},
      urldate = {29.07.2015},
      language = "russian",
}

@online{ExecuteQuery,
      title = {Документация метода \texttt{ExecuteQuery} .NET класса \texttt{DataContext} [Электронный ресурс]},
      url   = {https://msdn.microsoft.com/en-us/library/system.data.linq.datacontext.executequery(v=vs.110).aspx},
      urldate = {29.07.2015},
      language = "russian",
}

@online{SqlCommand,
      title = {Документация класса \texttt{SqlCommand} [Электронный ресурс]},
      url   = {https://msdn.microsoft.com/ru-ru/library/sebfsz50(v=vs.110).aspx},
      urldate = {29.07.2015},
      language = "russian",
}

@online{ApacheV2,
      title = {Лицензия Apache License Version 2.0 [Электронный ресурс]},
      url   = {http://www.apache.org/licenses/LICENSE-2.0},
      urldate = {29.07.2015},
      language = "russian",
}

@online{DOT,
      title = {DOT language specification [Электронный ресурс]},
      url   = {http://www.graphviz.org/doc/info/lang.html},
      urldate = {29.07.2015},
      language = "russian",
}

@online{NuGet,
      title = {Менеджер пакетов NuGet [Электронный ресурс]},
      url   = {https://www.nuget.org/},
      urldate = {29.07.2015},
      language = "russian",
}

@online{TSQL,
      title = {T-SQL language specification [Электронный ресурс]},
      url   = {https://msdn.microsoft.com/ru-ru/library/bb510741(v=sql.110).aspx},
      urldate = {29.07.2015},
      language = "russian",
}

@online{YCZOO,
      title = {Репозиторий проекта YaccConstructor, содержащий набор различных грамматик [Электронный ресурс]},
      url   = {https://github.com/YaccConstructor/YC.GrammarZOO},
      urldate = {29.07.2015},
      language = "russian",
}

@online{PLExecute,
      title = {Описание конструкции \texttt{EXECUTE IMMEDIATE} языка PL-SQL [Электронный ресурс]},
      url   = {http://docs.oracle.com/cd/B12037_01/appdev.101/b10807/13_elems017.htm},
      urldate = {29.07.2015},
      language = "russian",
}

@online{PLMerge,
      title = {Описание конструкции \texttt{MERGE} языка PL-SQL [Электронный ресурс]},
      url   = {http://docs.oracle.com/cd/B10500_01/appdev.920/a96624/13_elems30.htm},
      urldate = {29.07.2015},
      language = "russian",
}

@online{PLProc,
      title = {Описание создание хранимых процедур на языке PL-SQL [Электронный ресурс]},
      url   = {http://docs.oracle.com/cd/A97630_01/appdev.920/a96624/08_subs.htm\#752},
      urldate = {29.07.2015},
      language = "russian",
}

@online{FSharpURL,
      title = {F\# language specification [Электронный ресурс]},
      url   = {http://fsharp.org},
      urldate = {29.07.2015},
      language = "russian",
}

@online{MSNETURL,
      title = {Microsoft .NET [Электронный ресурс]},
      url   = {https://msdn.microsoft.com/ru-ru/library/zw4w595w(v=vs.110).aspx},
      urldate = {29.07.2015},
      language = "russian",
}

@online{MSVSIDE,
      title = {Microsoft Visual Studio IDE [Электронный ресурс]},
      url   = {https://www.visualstudio.com/},
      urldate = {29.07.2015},
      language = "russian",
}

@inproceedings{StaticDynamicAnalysis,
  title={Static and dynamic analysis: Synergy and duality},
  author={Ernst, M. D.},
  booktitle={WODA 2003: ICSE Workshop on Dynamic Analysis},
  pages={24--27},
  year={2003},
  organization={Citeseer}
}

@article{qualityReeng,
  title={Quality-driven software re-engineering},
  author={Tahvildari, L. and Kontogiannis, K. and Mylopoulos, J.},
  journal={Journal of Systems and Software},
  volume={66},
  number={3},
  pages={225--239},
  year={2003},
  publisher={Elsevier}
}

@inproceedings{reengErrors,
  title={Automated protection of php applications against SQL-injection attacks},
  author={Merlo, E. and Letarte, D. and Antoniol, G.},
  booktitle={Software Maintenance and Reengineering, 2007. CSMR'07. 11th European Conference on},
  pages={191--202},
  year={2007},
  organization={IEEE}
}

@article{StaticCodeAnalysis1,
  title={Static Code Analysis},
  author={Bardas, A. G.},
  journal={Journal of Information Systems \& Operations Management},
  volume={4},
  number={2},
  pages={99--107},
  year={2010},
  publisher={Romanian-American University}
}

@article{StaticCodeAnalysis2,
  title={Static analyzers in software engineering},
  author={Black, P.},
  journal={CrossTalk, The Journal of Defense Software Engineering},
  pages={16--17},
  year={2009}
}

@article{StaticCodeAnalysis3,
  title={Static code analysis},
  author={Louridas, P.},
  journal={Software, IEEE},
  volume={23},
  number={4},
  pages={58--61},
  year={2006},
  publisher={IEEE}
}

@inproceedings{ORM,
  title={Object/relational mapping 2008: hibernate and the entity data model (edm)},
  author={O'Neil, E. J.},
  booktitle={Proceedings of the 2008 ACM SIGMOD international conference on Management of data},
  pages={1351--1356},
  year={2008},
  organization={ACM}
}

@online{UMNIC,
      title = {Список победителей конкурса УМНИК [Электронный ресурс]},
      url   = {http://www.fasie.ru/obyavleniya/9-obyavleniya-dlya-zayavitelej/1762-opublikovan-spisok-pobeditelej-programmy-umnik-2-go-polugodiya-2014-goda},
      urldate = {29.07.2015},
      language = "russian",
}

@inproceedings{JSquash,
 author = {Seipel, D. and Boehm, A. M. and Fr\"{o}hlich, M.},
 title = {JSquash: Source Code Analysis of Embedded Database Applications for Determining SQL Statements},
 booktitle = {Proceedings of the 18th International Conference on Applications of Declarative Programming and Knowledge Management},
 series = {INAP'09},
 year = {2011},
 isbn = {978-3-642-20588-0},
 location = {\&\#201;vora, Portugal},
 pages = {153--169},
 numpages = {17},
 acmid = {2008396},
 publisher = {Springer-Verlag},
 address = {Berlin, Heidelberg},
} 

@article{SystemReeng,
  title={Системный анализ и реинжиниринг унаследованного программного обеспечения},
  author={Массель, Л.В. and Подкаменный, Д.В.},
  journal={Наука и образование: электронное научно-техническое издание},
  number={04},
  year={2011},
  publisher={Федеральное государственное бюджетное образовательное учреждение высшего профессионального образования" Московский государственный технический университет им. НЭ Баумана"}
}

@book{chomskySyntactic,
  title={Syntactic structures},
  author={Chomsky, N.},
  year={2002},
  publisher={Walter de Gruyter}
}

@article{chomskyMethod,
  title={Some methodological remarks on generative grammar},
  author={Chomsky, N.},
  journal={Aspects of the Theory of Syntax},
  pages={183--218},
  year={1961}
}

@inproceedings{RelaxedARNGLR,
 author = {Verbitskaia, E. and Grigorev, S. and Avdyukhin, D.},
 title = {Relaxed Parsing of Regular Approximations of String-Embedded Languages},
 booktitle = {Preliminary Proceedings of the PSI 2015: 10th International Andrei Ershov Memorial Conference},
 series = {PSI'15},
 year = {2015},
 location = {Kazan, Russia},
 pages = {1--12},
 numpages = {12},
} 

@book{yaccBook,
  title={Yacc: Yet another compiler-compiler},
  author={Johnson, S. C.},
  volume={32},
  year={1975},
  publisher={Bell Laboratories Murray Hill, NJ}
}

@article{CompilerCompiler,
  title={The compiler compiler},
  author={Brooker, R. A. and MacCallum, I. R. and Morris, D. and Rohl, J. S.},
  journal={Annual review in automatic programming},
  volume={3},
  pages={229--275},
  year={1963},
  publisher={Elsevier}
}

@article{SoftwareReeng1,
  title={Software Reengineering (IEEE Computer Society Press Tutorial)},
  author={Arnold, R.},
  journal={IEEE Computer Society},
  year={1993}
}


@book{SoftwareReeng2,
  title={Reengineering legacy software systems},
  author={Miller, H. W.},
  year={1998},
  publisher={Digital Press}
}

@book{SoftwareReeng3,
  title={Model-Driven Software Migration: A Methodology: Reengineering, Recovery and Modernization of Legacy Systems},
  author={Wagner, C.},
  year={2014},
  publisher={Springer Science \& Business Media}
}

@article{SoftwareReeng4,
  title={Системный анализ и реинжиниринг унаследованного программного обеспечения},
  author={Массель, Л. В. and Подкаменный, Д. В.},
  journal={Наука и образование: электронное научно-техническое издание},
  number={04},
  year={2011},
  publisher={Федеральное государственное бюджетное образовательное учреждение высшего профессионального образования ``Московский государственный технический университет им. Н.Э. Баумана''}
}

@article{SoftwareReengMethods,
  title={Методы и технологии реинжиниринга ИС},
  author={Ахтырченко, К. В. and Сорокваша, Т. П.},
  journal={Труды Института системного программирования РАН},
  volume={4},
  year={2003},
  publisher={Федеральное государственное бюджетное учреждение науки Институт системного программирования Российской академии наук}
}

@inproceedings{boulychev,
  title={On project-specific languages and their application in reengineering},
  author={Boulychev, D. Y. and Koznov, D. V. and Terekhov, A. A.},
  booktitle={Proceedings of the 6th European Conference on Software Maintenance and Reengineering},
  pages={177},
  year={2002},
  organization={IEEE}
}

@book{Martinenko1,
  title={Синтаксически управляемая обработка данных},
  author={Мартыненко, Б. К.},
  year={2004},
  publisher={Изд-во С.-Петербургского университета}
}

@book{Martinenko2,
  title={Языки и трансляции},
  author={Мартыненко, Б. К.},
  year={2004},
  publisher={Изд-во С.-Петерб. ун-та СПб.}
}

@book{safonov,
  title={Trustworthy Compilers},
  author={Safonov, V. O.},
  year={2010},
  publisher={John Wiley \& Sons}
}

@book{ANTCompiler,
  title={Как Паскаль и Оберон попадают на ``Самсон'', или искусство создания трансляторов},
  author={Терехов, А. Н. and Евстюнин, М. В. and Кожокарь, С. К. and Уфнаровский, В. А.},
  isbn={9785376014653},
  lccn={93218448},
  year={1992},
  publisher={Штиинца}
}

@article{symbolicFA1,
  title={Symbolic finite state transducers: Algorithms and applications},
  author={Veanes, M. and Hooimeijer, P. and Livshits, B. and Molnar, D. and Bjorner, N.},
  journal={ACM SIGPLAN Notices},
  volume={47},
  number={1},
  pages={137--150},
  year={2012},
  publisher={ACM}
}

@inproceedings{symbolicFA2,
  title={Minimization of symbolic automata},
  author={D'Antoni, L. and Veanes, M.},
  booktitle={ACM SIGPLAN Notices},
  volume={49},
  number={1},
  pages={541--553},
  year={2014},
  organization={ACM}
}

@inproceedings{FastGLL,
  title={Faster, Practical GLL Parsing},
  author={Afroozeh, A. and Izmaylova, A.},
  booktitle={Compiler Construction},
  pages={89--108},
  year={2015},
  organization={Springer}
}

@article{scott2013gll,
  title={GLL parse-tree generation},
  author={Scott, E. and Johnstone, A.},
  journal={Science of Computer Programming},
  volume={78},
  number={10},
  pages={1828--1844},
  year={2013},
  publisher={Elsevier}
}

@book{Ershov1,
  title={Методы построения трансляторов},
  author={Касьянов, В. Н. and Поттосин, И. В. and Ершов, А. П.},
  year={1986},
  publisher={Наука. Сиб. отд-ние}
}

@article{Ershov2,
  title={Методика разработки многоязыковых трансляторов на примере системы БЕТА},
  author={Ершов, А. П. and Касьянов, В. Н. and Покровский, С. Б. and Поттосин, И. В. and Степанов, Г. Г.},
  journal={Математическая теория и практика систем программного обеспечения.—Новосибирск, ВЦ СО АН СССР},
  pages={64--80},
  year={1982}
}

@inproceedings{interprocedural1,
  title={Interprocedural constant propagation},
  author={Callahan, D. and Cooper, K. D. and Kennedy, K. and Torczon, L.},
  booktitle={ACM SIGPLAN Notices},
  volume={21},
  number={7},
  pages={152--161},
  year={1986},
  organization={ACM}
}

@article{interprocedural2,
  title={Precise interprocedural dataflow analysis with applications to constant propagation},
  author={Sagiv, M. and Reps, T. and Horwitz, S.},
  journal={Theoretical Computer Science},
  volume={167},
  number={1},
  pages={131--170},
  year={1996},
  publisher={Elsevier}
}

@misc{lex,
  title={Lex: A lexical analyzer generator},
  author={Lesk, M. E. and Schmidt, E.},
  year={1975},
  publisher={Bell Laboratories Murray Hill, NJ}
}